%YAML 1.1
%TAG !u! tag:unity3d.com,2011:
--- !u!29 &1
SceneSettings:
  m_ObjectHideFlags: 0
  m_PVSData: 
  m_PVSObjectsArray: []
  m_PVSPortalsArray: []
  m_OcclusionBakeSettings:
    smallestOccluder: 5
    smallestHole: 0.25
    backfaceThreshold: 100
--- !u!104 &2
RenderSettings:
  m_ObjectHideFlags: 0
  serializedVersion: 6
  m_Fog: 1
  m_FogColor: {r: 0, g: 0, b: 0, a: 1}
  m_FogMode: 3
  m_FogDensity: 0.01
  m_LinearFogStart: 0
  m_LinearFogEnd: 300
  m_AmbientSkyColor: {r: 0, g: 0, b: 0, a: 1}
  m_AmbientEquatorColor: {r: 0.114, g: 0.125, b: 0.133, a: 1}
  m_AmbientGroundColor: {r: 0.047, g: 0.043, b: 0.035, a: 1}
  m_AmbientIntensity: 3.655
  m_AmbientMode: 3
  m_SkyboxMaterial: {fileID: 10304, guid: 0000000000000000f000000000000000, type: 0}
  m_HaloStrength: 0.5
  m_FlareStrength: 1
  m_FlareFadeSpeed: 3
  m_HaloTexture: {fileID: 0}
  m_SpotCookie: {fileID: 10001, guid: 0000000000000000e000000000000000, type: 0}
  m_DefaultReflectionMode: 0
  m_DefaultReflectionResolution: 1024
  m_ReflectionBounces: 1
  m_ReflectionIntensity: 0
  m_CustomReflection: {fileID: 0}
  m_Sun: {fileID: 0}
--- !u!157 &3
LightmapSettings:
  m_ObjectHideFlags: 0
  serializedVersion: 6
  m_GIWorkflowMode: 0
  m_LightmapsMode: 1
  m_GISettings:
    serializedVersion: 2
    m_BounceScale: 1
    m_IndirectOutputScale: 1
    m_AlbedoBoost: 1
    m_TemporalCoherenceThreshold: 1
    m_EnvironmentLightingMode: 1
    m_EnableBakedLightmaps: 1
    m_EnableRealtimeLightmaps: 1
  m_LightmapEditorSettings:
    serializedVersion: 3
    m_Resolution: 2
    m_BakeResolution: 40
    m_TextureWidth: 1024
    m_TextureHeight: 1024
    m_AOMaxDistance: 1
    m_Padding: 2
    m_CompAOExponent: 2.005
    m_LightmapParameters: {fileID: 0}
    m_TextureCompression: 1
    m_FinalGather: 0
    m_FinalGatherRayCount: 1024
    m_ReflectionCompression: 2
  m_LightingDataAsset: {fileID: 112000001, guid: 7a2e7a777a2197543b5482a3f1ffe67d,
    type: 2}
  m_RuntimeCPUUsage: 75
--- !u!196 &4
NavMeshSettings:
  serializedVersion: 2
  m_ObjectHideFlags: 0
  m_BuildSettings:
    serializedVersion: 2
    agentRadius: 0.5
    agentHeight: 2
    agentSlope: 45
    agentClimb: 0.4
    ledgeDropHeight: 0
    maxJumpAcrossDistance: 0
    accuratePlacement: 0
    minRegionArea: 2
    cellSize: 0.16666667
    manualCellSize: 0
  m_NavMeshData: {fileID: 0}
--- !u!1 &489963947
GameObject:
  m_ObjectHideFlags: 0
  m_PrefabParentObject: {fileID: 0}
  m_PrefabInternal: {fileID: 0}
  serializedVersion: 4
  m_Component:
  - 4: {fileID: 489963951}
  - 33: {fileID: 489963950}
  - 64: {fileID: 489963949}
  - 23: {fileID: 489963948}
  m_Layer: 8
  m_Name: Plane
  m_TagString: Untagged
  m_Icon: {fileID: 0}
  m_NavMeshLayer: 0
  m_StaticEditorFlags: 0
  m_IsActive: 1
--- !u!23 &489963948
MeshRenderer:
  m_ObjectHideFlags: 0
  m_PrefabParentObject: {fileID: 0}
  m_PrefabInternal: {fileID: 0}
  m_GameObject: {fileID: 489963947}
  m_Enabled: 1
  m_CastShadows: 0
  m_ReceiveShadows: 0
  m_Materials:
  - {fileID: 2100000, guid: cffc6d135fd46408a9b2479ff6ec9192, type: 2}
  m_SubsetIndices: 
  m_StaticBatchRoot: {fileID: 0}
  m_UseLightProbes: 0
  m_ReflectionProbeUsage: 0
  m_ProbeAnchor: {fileID: 0}
  m_ScaleInLightmap: 1
  m_PreserveUVs: 1
  m_IgnoreNormalsForChartDetection: 0
  m_ImportantGI: 0
  m_MinimumChartSize: 4
  m_AutoUVMaxDistance: 0.5
  m_AutoUVMaxAngle: 89
  m_LightmapParameters: {fileID: 0}
  m_SortingLayerID: 0
  m_SortingOrder: 0
--- !u!64 &489963949
MeshCollider:
  m_ObjectHideFlags: 0
  m_PrefabParentObject: {fileID: 0}
  m_PrefabInternal: {fileID: 0}
  m_GameObject: {fileID: 489963947}
  m_Material: {fileID: 0}
  m_IsTrigger: 0
  m_Enabled: 1
  serializedVersion: 2
  m_Convex: 0
  m_Mesh: {fileID: 10209, guid: 0000000000000000e000000000000000, type: 0}
--- !u!33 &489963950
MeshFilter:
  m_ObjectHideFlags: 0
  m_PrefabParentObject: {fileID: 0}
  m_PrefabInternal: {fileID: 0}
  m_GameObject: {fileID: 489963947}
  m_Mesh: {fileID: 10209, guid: 0000000000000000e000000000000000, type: 0}
--- !u!4 &489963951
Transform:
  m_ObjectHideFlags: 0
  m_PrefabParentObject: {fileID: 0}
  m_PrefabInternal: {fileID: 0}
  m_GameObject: {fileID: 489963947}
  m_LocalRotation: {x: 0, y: -1, z: 0, w: -0.00000016292068}
  m_LocalPosition: {x: 0, y: 0, z: 0}
  m_LocalScale: {x: 100, y: 1, z: 100}
  m_Children: []
  m_Father: {fileID: 1793874368}
  m_RootOrder: 0
--- !u!1 &540255506
GameObject:
  m_ObjectHideFlags: 0
  m_PrefabParentObject: {fileID: 0}
  m_PrefabInternal: {fileID: 0}
  serializedVersion: 4
  m_Component:
  - 4: {fileID: 540255509}
  - 114: {fileID: 540255508}
  - 114: {fileID: 540255507}
  m_Layer: 0
  m_Name: EventSystem
  m_TagString: Untagged
  m_Icon: {fileID: 0}
  m_NavMeshLayer: 0
  m_StaticEditorFlags: 0
  m_IsActive: 1
--- !u!114 &540255507
MonoBehaviour:
  m_ObjectHideFlags: 0
  m_PrefabParentObject: {fileID: 0}
  m_PrefabInternal: {fileID: 0}
  m_GameObject: {fileID: 540255506}
  m_Enabled: 1
  m_EditorHideFlags: 0
  m_Script: {fileID: 1077351063, guid: f5f67c52d1564df4a8936ccd202a3bd8, type: 3}
  m_Name: 
  m_EditorClassIdentifier: 
  m_HorizontalAxis: Horizontal
  m_VerticalAxis: Vertical
  m_SubmitButton: Submit
  m_CancelButton: Cancel
  m_InputActionsPerSecond: 10
  m_RepeatDelay: 0.5
  m_ForceModuleActive: 0
--- !u!114 &540255508
MonoBehaviour:
  m_ObjectHideFlags: 0
  m_PrefabParentObject: {fileID: 0}
  m_PrefabInternal: {fileID: 0}
  m_GameObject: {fileID: 540255506}
  m_Enabled: 1
  m_EditorHideFlags: 0
  m_Script: {fileID: -619905303, guid: f5f67c52d1564df4a8936ccd202a3bd8, type: 3}
  m_Name: 
  m_EditorClassIdentifier: 
  m_FirstSelected: {fileID: 0}
  m_sendNavigationEvents: 1
  m_DragThreshold: 5
--- !u!4 &540255509
Transform:
  m_ObjectHideFlags: 0
  m_PrefabParentObject: {fileID: 0}
  m_PrefabInternal: {fileID: 0}
  m_GameObject: {fileID: 540255506}
  m_LocalRotation: {x: 0, y: 0, z: 0, w: 1}
  m_LocalPosition: {x: 0, y: 0, z: 0}
  m_LocalScale: {x: 1, y: 1, z: 1}
  m_Children: []
  m_Father: {fileID: 0}
  m_RootOrder: 2
--- !u!1 &717093300
GameObject:
  m_ObjectHideFlags: 0
  m_PrefabParentObject: {fileID: 0}
  m_PrefabInternal: {fileID: 0}
  serializedVersion: 4
  m_Component:
  - 4: {fileID: 717093302}
  - 108: {fileID: 717093301}
  m_Layer: 0
  m_Name: Directional Light
  m_TagString: Untagged
  m_Icon: {fileID: 0}
  m_NavMeshLayer: 0
  m_StaticEditorFlags: 0
  m_IsActive: 1
--- !u!108 &717093301
Light:
  m_ObjectHideFlags: 0
  m_PrefabParentObject: {fileID: 0}
  m_PrefabInternal: {fileID: 0}
  m_GameObject: {fileID: 717093300}
  m_Enabled: 1
  serializedVersion: 6
  m_Type: 3
  m_Color: {r: 0, g: 0, b: 0, a: 1}
  m_Intensity: 6.45
  m_Range: 10
  m_SpotAngle: 30
  m_CookieSize: 10
  m_Shadows:
    m_Type: 2
    m_Resolution: -1
    m_Strength: 1
    m_Bias: 0.05
    m_NormalBias: 0.4
    m_NearPlane: 0.2
  m_Cookie: {fileID: 0}
  m_DrawHalo: 0
  m_Flare: {fileID: 0}
  m_RenderMode: 1
  m_CullingMask:
    serializedVersion: 2
    m_Bits: 4294967295
  m_Lightmapping: 2
  m_BounceIntensity: 1
  m_ShadowRadius: 0
  m_ShadowAngle: 0
  m_AreaSize: {x: 1, y: 1}
--- !u!4 &717093302
Transform:
  m_ObjectHideFlags: 0
  m_PrefabParentObject: {fileID: 0}
  m_PrefabInternal: {fileID: 0}
  m_GameObject: {fileID: 717093300}
  m_LocalRotation: {x: 0.40821794, y: -0.23456973, z: 0.109381676, w: 0.87542605}
  m_LocalPosition: {x: 0, y: 3, z: 0}
  m_LocalScale: {x: 1, y: 1, z: 1}
  m_Children: []
  m_Father: {fileID: 0}
  m_RootOrder: 1
--- !u!1001 &943317006
Prefab:
  m_ObjectHideFlags: 0
  serializedVersion: 2
  m_Modification:
    m_TransformParent: {fileID: 0}
    m_Modifications:
    - target: {fileID: 22480090, guid: e80e1db3607234554b931cf09f60c4b5, type: 2}
      propertyPath: m_LocalPosition.x
      value: 0
      objectReference: {fileID: 0}
    - target: {fileID: 22480090, guid: e80e1db3607234554b931cf09f60c4b5, type: 2}
      propertyPath: m_LocalPosition.y
      value: 0
      objectReference: {fileID: 0}
    - target: {fileID: 22480090, guid: e80e1db3607234554b931cf09f60c4b5, type: 2}
      propertyPath: m_LocalPosition.z
      value: 0
      objectReference: {fileID: 0}
    - target: {fileID: 22480090, guid: e80e1db3607234554b931cf09f60c4b5, type: 2}
      propertyPath: m_LocalRotation.x
      value: 0
      objectReference: {fileID: 0}
    - target: {fileID: 22480090, guid: e80e1db3607234554b931cf09f60c4b5, type: 2}
      propertyPath: m_LocalRotation.y
      value: 0
      objectReference: {fileID: 0}
    - target: {fileID: 22480090, guid: e80e1db3607234554b931cf09f60c4b5, type: 2}
      propertyPath: m_LocalRotation.z
      value: 0
      objectReference: {fileID: 0}
    - target: {fileID: 22480090, guid: e80e1db3607234554b931cf09f60c4b5, type: 2}
      propertyPath: m_LocalRotation.w
      value: 1
      objectReference: {fileID: 0}
    - target: {fileID: 22480090, guid: e80e1db3607234554b931cf09f60c4b5, type: 2}
      propertyPath: m_RootOrder
      value: 7
      objectReference: {fileID: 0}
    - target: {fileID: 22480090, guid: e80e1db3607234554b931cf09f60c4b5, type: 2}
      propertyPath: m_AnchoredPosition.x
      value: 0
      objectReference: {fileID: 0}
    - target: {fileID: 22480090, guid: e80e1db3607234554b931cf09f60c4b5, type: 2}
      propertyPath: m_AnchoredPosition.y
      value: 0
      objectReference: {fileID: 0}
    - target: {fileID: 22480090, guid: e80e1db3607234554b931cf09f60c4b5, type: 2}
      propertyPath: m_SizeDelta.x
      value: 0
      objectReference: {fileID: 0}
    - target: {fileID: 22480090, guid: e80e1db3607234554b931cf09f60c4b5, type: 2}
      propertyPath: m_SizeDelta.y
      value: 0
      objectReference: {fileID: 0}
    - target: {fileID: 22480090, guid: e80e1db3607234554b931cf09f60c4b5, type: 2}
      propertyPath: m_AnchorMin.x
      value: 0
      objectReference: {fileID: 0}
    - target: {fileID: 22480090, guid: e80e1db3607234554b931cf09f60c4b5, type: 2}
      propertyPath: m_AnchorMin.y
      value: 0
      objectReference: {fileID: 0}
    - target: {fileID: 22480090, guid: e80e1db3607234554b931cf09f60c4b5, type: 2}
      propertyPath: m_AnchorMax.x
      value: 0
      objectReference: {fileID: 0}
    - target: {fileID: 22480090, guid: e80e1db3607234554b931cf09f60c4b5, type: 2}
      propertyPath: m_AnchorMax.y
      value: 0
      objectReference: {fileID: 0}
    - target: {fileID: 22480090, guid: e80e1db3607234554b931cf09f60c4b5, type: 2}
      propertyPath: m_Pivot.x
      value: 0
      objectReference: {fileID: 0}
    - target: {fileID: 22480090, guid: e80e1db3607234554b931cf09f60c4b5, type: 2}
      propertyPath: m_Pivot.y
      value: 0
      objectReference: {fileID: 0}
    m_RemovedComponents: []
  m_ParentPrefab: {fileID: 100100000, guid: e80e1db3607234554b931cf09f60c4b5, type: 2}
  m_IsPrefabParent: 0
--- !u!1001 &1351404900
Prefab:
  m_ObjectHideFlags: 0
  serializedVersion: 2
  m_Modification:
    m_TransformParent: {fileID: 0}
    m_Modifications:
    - target: {fileID: 22419670, guid: 95569016470290147929a42d64c84d4f, type: 2}
      propertyPath: m_LocalPosition.x
      value: 0
      objectReference: {fileID: 0}
    - target: {fileID: 22419670, guid: 95569016470290147929a42d64c84d4f, type: 2}
      propertyPath: m_LocalPosition.y
      value: 0
      objectReference: {fileID: 0}
    - target: {fileID: 22419670, guid: 95569016470290147929a42d64c84d4f, type: 2}
      propertyPath: m_LocalPosition.z
      value: 0
      objectReference: {fileID: 0}
    - target: {fileID: 22419670, guid: 95569016470290147929a42d64c84d4f, type: 2}
      propertyPath: m_LocalRotation.x
      value: 0
      objectReference: {fileID: 0}
    - target: {fileID: 22419670, guid: 95569016470290147929a42d64c84d4f, type: 2}
      propertyPath: m_LocalRotation.y
      value: 0
      objectReference: {fileID: 0}
    - target: {fileID: 22419670, guid: 95569016470290147929a42d64c84d4f, type: 2}
      propertyPath: m_LocalRotation.z
      value: 0
      objectReference: {fileID: 0}
    - target: {fileID: 22419670, guid: 95569016470290147929a42d64c84d4f, type: 2}
      propertyPath: m_LocalRotation.w
      value: 1
      objectReference: {fileID: 0}
    - target: {fileID: 22419670, guid: 95569016470290147929a42d64c84d4f, type: 2}
      propertyPath: m_RootOrder
      value: 6
      objectReference: {fileID: 0}
    - target: {fileID: 22419670, guid: 95569016470290147929a42d64c84d4f, type: 2}
      propertyPath: m_AnchoredPosition.x
      value: 0
      objectReference: {fileID: 0}
    - target: {fileID: 22419670, guid: 95569016470290147929a42d64c84d4f, type: 2}
      propertyPath: m_AnchoredPosition.y
      value: 0
      objectReference: {fileID: 0}
    - target: {fileID: 22419670, guid: 95569016470290147929a42d64c84d4f, type: 2}
      propertyPath: m_SizeDelta.x
      value: 0
      objectReference: {fileID: 0}
    - target: {fileID: 22419670, guid: 95569016470290147929a42d64c84d4f, type: 2}
      propertyPath: m_SizeDelta.y
      value: 0
      objectReference: {fileID: 0}
    - target: {fileID: 22419670, guid: 95569016470290147929a42d64c84d4f, type: 2}
      propertyPath: m_AnchorMin.x
      value: 0
      objectReference: {fileID: 0}
    - target: {fileID: 22419670, guid: 95569016470290147929a42d64c84d4f, type: 2}
      propertyPath: m_AnchorMin.y
      value: 0
      objectReference: {fileID: 0}
    - target: {fileID: 22419670, guid: 95569016470290147929a42d64c84d4f, type: 2}
      propertyPath: m_AnchorMax.x
      value: 0
      objectReference: {fileID: 0}
    - target: {fileID: 22419670, guid: 95569016470290147929a42d64c84d4f, type: 2}
      propertyPath: m_AnchorMax.y
      value: 0
      objectReference: {fileID: 0}
    - target: {fileID: 22419670, guid: 95569016470290147929a42d64c84d4f, type: 2}
      propertyPath: m_Pivot.x
      value: 0
      objectReference: {fileID: 0}
    - target: {fileID: 22419670, guid: 95569016470290147929a42d64c84d4f, type: 2}
      propertyPath: m_Pivot.y
      value: 0
      objectReference: {fileID: 0}
    - target: {fileID: 136764, guid: 95569016470290147929a42d64c84d4f, type: 2}
      propertyPath: m_IsActive
      value: 0
      objectReference: {fileID: 0}
    m_RemovedComponents: []
  m_ParentPrefab: {fileID: 100100000, guid: 95569016470290147929a42d64c84d4f, type: 2}
  m_IsPrefabParent: 0
--- !u!1001 &1502972361
Prefab:
  m_ObjectHideFlags: 0
  serializedVersion: 2
  m_Modification:
    m_TransformParent: {fileID: 0}
    m_Modifications:
    - target: {fileID: 22499406, guid: d1b058bc1ca1a451a9007e0a8d6bcca0, type: 2}
      propertyPath: m_LocalPosition.x
      value: 0
      objectReference: {fileID: 0}
    - target: {fileID: 22499406, guid: d1b058bc1ca1a451a9007e0a8d6bcca0, type: 2}
      propertyPath: m_LocalPosition.y
      value: 0
      objectReference: {fileID: 0}
    - target: {fileID: 22499406, guid: d1b058bc1ca1a451a9007e0a8d6bcca0, type: 2}
      propertyPath: m_LocalPosition.z
      value: 0
      objectReference: {fileID: 0}
    - target: {fileID: 22499406, guid: d1b058bc1ca1a451a9007e0a8d6bcca0, type: 2}
      propertyPath: m_LocalRotation.x
      value: 0
      objectReference: {fileID: 0}
    - target: {fileID: 22499406, guid: d1b058bc1ca1a451a9007e0a8d6bcca0, type: 2}
      propertyPath: m_LocalRotation.y
      value: 0
      objectReference: {fileID: 0}
    - target: {fileID: 22499406, guid: d1b058bc1ca1a451a9007e0a8d6bcca0, type: 2}
      propertyPath: m_LocalRotation.z
      value: 0
      objectReference: {fileID: 0}
    - target: {fileID: 22499406, guid: d1b058bc1ca1a451a9007e0a8d6bcca0, type: 2}
      propertyPath: m_LocalRotation.w
      value: 1
      objectReference: {fileID: 0}
    - target: {fileID: 22499406, guid: d1b058bc1ca1a451a9007e0a8d6bcca0, type: 2}
      propertyPath: m_RootOrder
      value: 5
      objectReference: {fileID: 0}
    - target: {fileID: 22499406, guid: d1b058bc1ca1a451a9007e0a8d6bcca0, type: 2}
      propertyPath: m_AnchoredPosition.x
      value: 0
      objectReference: {fileID: 0}
    - target: {fileID: 22499406, guid: d1b058bc1ca1a451a9007e0a8d6bcca0, type: 2}
      propertyPath: m_AnchoredPosition.y
      value: 0
      objectReference: {fileID: 0}
    - target: {fileID: 22499406, guid: d1b058bc1ca1a451a9007e0a8d6bcca0, type: 2}
      propertyPath: m_SizeDelta.x
      value: 0
      objectReference: {fileID: 0}
    - target: {fileID: 22499406, guid: d1b058bc1ca1a451a9007e0a8d6bcca0, type: 2}
      propertyPath: m_SizeDelta.y
      value: 0
      objectReference: {fileID: 0}
    - target: {fileID: 22499406, guid: d1b058bc1ca1a451a9007e0a8d6bcca0, type: 2}
      propertyPath: m_AnchorMin.x
      value: 0
      objectReference: {fileID: 0}
    - target: {fileID: 22499406, guid: d1b058bc1ca1a451a9007e0a8d6bcca0, type: 2}
      propertyPath: m_AnchorMin.y
      value: 0
      objectReference: {fileID: 0}
    - target: {fileID: 22499406, guid: d1b058bc1ca1a451a9007e0a8d6bcca0, type: 2}
      propertyPath: m_AnchorMax.x
      value: 0
      objectReference: {fileID: 0}
    - target: {fileID: 22499406, guid: d1b058bc1ca1a451a9007e0a8d6bcca0, type: 2}
      propertyPath: m_AnchorMax.y
      value: 0
      objectReference: {fileID: 0}
    - target: {fileID: 22499406, guid: d1b058bc1ca1a451a9007e0a8d6bcca0, type: 2}
      propertyPath: m_Pivot.x
      value: 0
      objectReference: {fileID: 0}
    - target: {fileID: 22499406, guid: d1b058bc1ca1a451a9007e0a8d6bcca0, type: 2}
      propertyPath: m_Pivot.y
      value: 0
      objectReference: {fileID: 0}
    m_RemovedComponents: []
  m_ParentPrefab: {fileID: 100100000, guid: d1b058bc1ca1a451a9007e0a8d6bcca0, type: 2}
  m_IsPrefabParent: 0
--- !u!1001 &1554525439
Prefab:
  m_ObjectHideFlags: 0
  serializedVersion: 2
  m_Modification:
    m_TransformParent: {fileID: 0}
    m_Modifications:
    - target: {fileID: 22415634, guid: 3ff33e146eaec4dceba3ed4ce948b49d, type: 2}
      propertyPath: m_LocalPosition.x
      value: 0
      objectReference: {fileID: 0}
    - target: {fileID: 22415634, guid: 3ff33e146eaec4dceba3ed4ce948b49d, type: 2}
      propertyPath: m_LocalPosition.y
      value: 0
      objectReference: {fileID: 0}
    - target: {fileID: 22415634, guid: 3ff33e146eaec4dceba3ed4ce948b49d, type: 2}
      propertyPath: m_LocalPosition.z
      value: 0
      objectReference: {fileID: 0}
    - target: {fileID: 22415634, guid: 3ff33e146eaec4dceba3ed4ce948b49d, type: 2}
      propertyPath: m_LocalRotation.x
      value: 0
      objectReference: {fileID: 0}
    - target: {fileID: 22415634, guid: 3ff33e146eaec4dceba3ed4ce948b49d, type: 2}
      propertyPath: m_LocalRotation.y
      value: 0
      objectReference: {fileID: 0}
    - target: {fileID: 22415634, guid: 3ff33e146eaec4dceba3ed4ce948b49d, type: 2}
      propertyPath: m_LocalRotation.z
      value: 0
      objectReference: {fileID: 0}
    - target: {fileID: 22415634, guid: 3ff33e146eaec4dceba3ed4ce948b49d, type: 2}
      propertyPath: m_LocalRotation.w
      value: 1
      objectReference: {fileID: 0}
    - target: {fileID: 22415634, guid: 3ff33e146eaec4dceba3ed4ce948b49d, type: 2}
      propertyPath: m_RootOrder
      value: 9
      objectReference: {fileID: 0}
    - target: {fileID: 22415634, guid: 3ff33e146eaec4dceba3ed4ce948b49d, type: 2}
      propertyPath: m_AnchoredPosition.x
      value: 0
      objectReference: {fileID: 0}
    - target: {fileID: 22415634, guid: 3ff33e146eaec4dceba3ed4ce948b49d, type: 2}
      propertyPath: m_AnchoredPosition.y
      value: 0
      objectReference: {fileID: 0}
    - target: {fileID: 22415634, guid: 3ff33e146eaec4dceba3ed4ce948b49d, type: 2}
      propertyPath: m_SizeDelta.x
      value: 0
      objectReference: {fileID: 0}
    - target: {fileID: 22415634, guid: 3ff33e146eaec4dceba3ed4ce948b49d, type: 2}
      propertyPath: m_SizeDelta.y
      value: 0
      objectReference: {fileID: 0}
    - target: {fileID: 22415634, guid: 3ff33e146eaec4dceba3ed4ce948b49d, type: 2}
      propertyPath: m_AnchorMin.x
      value: 0
      objectReference: {fileID: 0}
    - target: {fileID: 22415634, guid: 3ff33e146eaec4dceba3ed4ce948b49d, type: 2}
      propertyPath: m_AnchorMin.y
      value: 0
      objectReference: {fileID: 0}
    - target: {fileID: 22415634, guid: 3ff33e146eaec4dceba3ed4ce948b49d, type: 2}
      propertyPath: m_AnchorMax.x
      value: 0
      objectReference: {fileID: 0}
    - target: {fileID: 22415634, guid: 3ff33e146eaec4dceba3ed4ce948b49d, type: 2}
      propertyPath: m_AnchorMax.y
      value: 0
      objectReference: {fileID: 0}
    - target: {fileID: 22415634, guid: 3ff33e146eaec4dceba3ed4ce948b49d, type: 2}
      propertyPath: m_Pivot.x
      value: 0
      objectReference: {fileID: 0}
    - target: {fileID: 22415634, guid: 3ff33e146eaec4dceba3ed4ce948b49d, type: 2}
      propertyPath: m_Pivot.y
      value: 0
      objectReference: {fileID: 0}
    - target: {fileID: 111424, guid: 3ff33e146eaec4dceba3ed4ce948b49d, type: 2}
      propertyPath: m_Name
      value: Pause Canvas
      objectReference: {fileID: 0}
    m_RemovedComponents: []
  m_ParentPrefab: {fileID: 100100000, guid: 3ff33e146eaec4dceba3ed4ce948b49d, type: 2}
  m_IsPrefabParent: 0
--- !u!1 &1590090143
GameObject:
  m_ObjectHideFlags: 0
  m_PrefabParentObject: {fileID: 0}
  m_PrefabInternal: {fileID: 0}
  serializedVersion: 4
  m_Component:
  - 224: {fileID: 1590090144}
  - 222: {fileID: 1590090146}
  - 114: {fileID: 1590090145}
  m_Layer: 5
  m_Name: Weapon
  m_TagString: Untagged
  m_Icon: {fileID: 0}
  m_NavMeshLayer: 0
  m_StaticEditorFlags: 0
  m_IsActive: 1
--- !u!224 &1590090144
RectTransform:
  m_ObjectHideFlags: 0
  m_PrefabParentObject: {fileID: 0}
  m_PrefabInternal: {fileID: 0}
  m_GameObject: {fileID: 1590090143}
  m_LocalRotation: {x: 0, y: 0, z: 0, w: 1}
  m_LocalPosition: {x: 0, y: 0, z: 0}
  m_LocalScale: {x: 1, y: 1, z: 1}
  m_Children: []
  m_Father: {fileID: 0}
  m_RootOrder: 0
  m_AnchorMin: {x: 0, y: 0}
  m_AnchorMax: {x: 0, y: 0}
  m_AnchoredPosition: {x: 0, y: 0}
  m_SizeDelta: {x: 100, y: 50}
  m_Pivot: {x: 0, y: 0}
--- !u!114 &1590090145
MonoBehaviour:
  m_ObjectHideFlags: 0
  m_PrefabParentObject: {fileID: 0}
  m_PrefabInternal: {fileID: 0}
  m_GameObject: {fileID: 1590090143}
  m_Enabled: 1
  m_EditorHideFlags: 0
  m_Script: {fileID: -765806418, guid: f5f67c52d1564df4a8936ccd202a3bd8, type: 3}
  m_Name: 
  m_EditorClassIdentifier: 
  m_Material: {fileID: 0}
  m_Color: {r: 1, g: 1, b: 1, a: 0.003}
  m_RaycastTarget: 1
  m_OnCullStateChanged:
    m_PersistentCalls:
      m_Calls: []
    m_TypeName: UnityEngine.UI.MaskableGraphic+CullStateChangedEvent, UnityEngine.UI,
      Version=1.0.0.0, Culture=neutral, PublicKeyToken=null
  m_Sprite: {fileID: 0}
  m_Type: 0
  m_PreserveAspect: 0
  m_FillCenter: 1
  m_FillMethod: 4
  m_FillAmount: 1
  m_FillClockwise: 1
  m_FillOrigin: 0
--- !u!222 &1590090146
CanvasRenderer:
  m_ObjectHideFlags: 0
  m_PrefabParentObject: {fileID: 0}
  m_PrefabInternal: {fileID: 0}
  m_GameObject: {fileID: 1590090143}
--- !u!1 &1708750767
GameObject:
  m_ObjectHideFlags: 0
  m_PrefabParentObject: {fileID: 0}
  m_PrefabInternal: {fileID: 0}
  serializedVersion: 4
  m_Component:
  - 4: {fileID: 1708750773}
  - 20: {fileID: 1708750772}
  - 92: {fileID: 1708750771}
  - 124: {fileID: 1708750770}
  - 114: {fileID: 1708750769}
  - 114: {fileID: 1708750768}
  m_Layer: 0
  m_Name: Main Camera
  m_TagString: MainCamera
  m_Icon: {fileID: 0}
  m_NavMeshLayer: 0
  m_StaticEditorFlags: 0
  m_IsActive: 1
--- !u!114 &1708750768
MonoBehaviour:
  m_ObjectHideFlags: 0
  m_PrefabParentObject: {fileID: 0}
  m_PrefabInternal: {fileID: 0}
  m_GameObject: {fileID: 1708750767}
  m_Enabled: 1
  m_EditorHideFlags: 0
  m_Script: {fileID: 11500000, guid: 86c6556701af9e04380698b89f691b6e, type: 3}
  m_Name: 
  m_EditorClassIdentifier: 
--- !u!114 &1708750769
MonoBehaviour:
  m_ObjectHideFlags: 0
  m_PrefabParentObject: {fileID: 0}
  m_PrefabInternal: {fileID: 0}
  m_GameObject: {fileID: 1708750767}
  m_Enabled: 1
  m_EditorHideFlags: 0
  m_Script: {fileID: 11500000, guid: 0858a5430fce445eaaf69acec0af538d, type: 3}
  m_Name: 
  m_EditorClassIdentifier: 
  gunner: {fileID: 139166, guid: 6c2116f1b5bf14e849a6c90ceb2856d4, type: 2}
  mage: {fileID: 148600, guid: e23a5815a865048c188070184fa9ea69, type: 2}
  smooth: 1.5
--- !u!124 &1708750770
Behaviour:
  m_ObjectHideFlags: 0
  m_PrefabParentObject: {fileID: 0}
  m_PrefabInternal: {fileID: 0}
  m_GameObject: {fileID: 1708750767}
  m_Enabled: 1
--- !u!92 &1708750771
Behaviour:
  m_ObjectHideFlags: 0
  m_PrefabParentObject: {fileID: 0}
  m_PrefabInternal: {fileID: 0}
  m_GameObject: {fileID: 1708750767}
  m_Enabled: 1
--- !u!20 &1708750772
Camera:
  m_ObjectHideFlags: 0
  m_PrefabParentObject: {fileID: 0}
  m_PrefabInternal: {fileID: 0}
  m_GameObject: {fileID: 1708750767}
  m_Enabled: 1
  serializedVersion: 2
  m_ClearFlags: 1
  m_BackGroundColor: {r: 0.19215687, g: 0.3019608, b: 0.4745098, a: 0.019607844}
  m_NormalizedViewPortRect:
    serializedVersion: 2
    x: 0
    y: 0
    width: 1
    height: 1
  near clip plane: 0.15
  far clip plane: 1000
  field of view: 60
  orthographic: 1
  orthographic size: 5
  m_Depth: -1
  m_CullingMask:
    serializedVersion: 2
    m_Bits: 4294967295
  m_RenderingPath: -1
  m_TargetTexture: {fileID: 0}
  m_TargetDisplay: 0
  m_TargetEye: 3
  m_HDR: 0
  m_OcclusionCulling: 1
  m_StereoConvergence: 10
  m_StereoSeparation: 0.022
  m_StereoMirrorMode: 0
--- !u!4 &1708750773
Transform:
  m_ObjectHideFlags: 0
  m_PrefabParentObject: {fileID: 0}
  m_PrefabInternal: {fileID: 0}
  m_GameObject: {fileID: 1708750767}
  m_LocalRotation: {x: 0.38268346, y: 0, z: 0, w: 0.9238795}
  m_LocalPosition: {x: 0, y: 1, z: -10}
  m_LocalScale: {x: 1, y: 1, z: 1}
  m_Children: []
  m_Father: {fileID: 0}
  m_RootOrder: 3
--- !u!4 &1793874368 stripped
Transform:
  m_PrefabParentObject: {fileID: 455980, guid: bfa4db5cc4aec40068d31a953a630205, type: 2}
  m_PrefabInternal: {fileID: 2047969091}
--- !u!1001 &2047969091
Prefab:
  m_ObjectHideFlags: 0
  serializedVersion: 2
  m_Modification:
    m_TransformParent: {fileID: 0}
    m_Modifications:
    - target: {fileID: 11434530, guid: bfa4db5cc4aec40068d31a953a630205, type: 2}
      propertyPath: items.Array.size
      value: 4
      objectReference: {fileID: 0}
    - target: {fileID: 11434530, guid: bfa4db5cc4aec40068d31a953a630205, type: 2}
      propertyPath: bosses.Array.size
      value: 2
      objectReference: {fileID: 0}
    - target: {fileID: 11434530, guid: bfa4db5cc4aec40068d31a953a630205, type: 2}
      propertyPath: Modules.Array.size
      value: 4
      objectReference: {fileID: 0}
    - target: {fileID: 11434530, guid: bfa4db5cc4aec40068d31a953a630205, type: 2}
      propertyPath: basicEnemy.Array.size
      value: 3
      objectReference: {fileID: 0}
    - target: {fileID: 455980, guid: bfa4db5cc4aec40068d31a953a630205, type: 2}
      propertyPath: m_LocalPosition.x
      value: 0
      objectReference: {fileID: 0}
    - target: {fileID: 455980, guid: bfa4db5cc4aec40068d31a953a630205, type: 2}
      propertyPath: m_LocalPosition.y
      value: 0
      objectReference: {fileID: 0}
    - target: {fileID: 455980, guid: bfa4db5cc4aec40068d31a953a630205, type: 2}
      propertyPath: m_LocalPosition.z
      value: 0
      objectReference: {fileID: 0}
    - target: {fileID: 455980, guid: bfa4db5cc4aec40068d31a953a630205, type: 2}
      propertyPath: m_LocalRotation.x
      value: 0
      objectReference: {fileID: 0}
    - target: {fileID: 455980, guid: bfa4db5cc4aec40068d31a953a630205, type: 2}
      propertyPath: m_LocalRotation.y
      value: 1
      objectReference: {fileID: 0}
    - target: {fileID: 455980, guid: bfa4db5cc4aec40068d31a953a630205, type: 2}
      propertyPath: m_LocalRotation.z
      value: 0
      objectReference: {fileID: 0}
    - target: {fileID: 455980, guid: bfa4db5cc4aec40068d31a953a630205, type: 2}
      propertyPath: m_LocalRotation.w
      value: -0.00000016292068
      objectReference: {fileID: 0}
    - target: {fileID: 455980, guid: bfa4db5cc4aec40068d31a953a630205, type: 2}
      propertyPath: m_RootOrder
      value: 4
      objectReference: {fileID: 0}
    - target: {fileID: 11434530, guid: bfa4db5cc4aec40068d31a953a630205, type: 2}
      propertyPath: Modules.Array.data[0]
      value: 
      objectReference: {fileID: 11456562, guid: 90b14ff8fa01e4d02a0aa51e0b10a48b,
        type: 2}
    - target: {fileID: 11434530, guid: bfa4db5cc4aec40068d31a953a630205, type: 2}
      propertyPath: Modules.Array.data[1]
      value: 
      objectReference: {fileID: 11457582, guid: 90b14ff8fa01e4d02a0aa51e0b10a48b,
        type: 2}
    - target: {fileID: 11434530, guid: bfa4db5cc4aec40068d31a953a630205, type: 2}
      propertyPath: Modules.Array.data[2]
      value: 
      objectReference: {fileID: 11440450, guid: 90b14ff8fa01e4d02a0aa51e0b10a48b,
        type: 2}
    - target: {fileID: 11434530, guid: bfa4db5cc4aec40068d31a953a630205, type: 2}
      propertyPath: Modules.Array.data[3]
      value: 
      objectReference: {fileID: 11402330, guid: 90b14ff8fa01e4d02a0aa51e0b10a48b,
        type: 2}
    - target: {fileID: 11434530, guid: bfa4db5cc4aec40068d31a953a630205, type: 2}
      propertyPath: Modules.Array.data[4]
      value: 
      objectReference: {fileID: 0}
    - target: {fileID: 11434530, guid: bfa4db5cc4aec40068d31a953a630205, type: 2}
      propertyPath: Modules.Array.data[5]
      value: 
      objectReference: {fileID: 0}
    - target: {fileID: 11434530, guid: bfa4db5cc4aec40068d31a953a630205, type: 2}
      propertyPath: Modules.Array.data[6]
      value: 
      objectReference: {fileID: 0}
    - target: {fileID: 11434530, guid: bfa4db5cc4aec40068d31a953a630205, type: 2}
      propertyPath: Modules.Array.data[7]
      value: 
      objectReference: {fileID: 0}
    - target: {fileID: 11434530, guid: bfa4db5cc4aec40068d31a953a630205, type: 2}
      propertyPath: Modules.Array.data[8]
      value: 
      objectReference: {fileID: 0}
    - target: {fileID: 11434530, guid: bfa4db5cc4aec40068d31a953a630205, type: 2}
      propertyPath: StartModule
      value: 
      objectReference: {fileID: 11456562, guid: 90b14ff8fa01e4d02a0aa51e0b10a48b,
        type: 2}
    - target: {fileID: 11434530, guid: bfa4db5cc4aec40068d31a953a630205, type: 2}
      propertyPath: player
      value: 
      objectReference: {fileID: 0}
    - target: {fileID: 11434530, guid: bfa4db5cc4aec40068d31a953a630205, type: 2}
      propertyPath: Iterations
      value: 5
      objectReference: {fileID: 0}
    - target: {fileID: 455980, guid: bfa4db5cc4aec40068d31a953a630205, type: 2}
      propertyPath: m_LocalScale.x
      value: 1
      objectReference: {fileID: 0}
    - target: {fileID: 455980, guid: bfa4db5cc4aec40068d31a953a630205, type: 2}
      propertyPath: m_LocalScale.y
      value: 1
      objectReference: {fileID: 0}
    - target: {fileID: 455980, guid: bfa4db5cc4aec40068d31a953a630205, type: 2}
      propertyPath: m_LocalScale.z
      value: 1
      objectReference: {fileID: 0}
    - target: {fileID: 11434530, guid: bfa4db5cc4aec40068d31a953a630205, type: 2}
      propertyPath: boss
      value: 
      objectReference: {fileID: 165390, guid: 3373710a4f7ea4f8fa06b0c510b59ffd, type: 2}
    - target: {fileID: 11434530, guid: bfa4db5cc4aec40068d31a953a630205, type: 2}
      propertyPath: goblin
      value: 
      objectReference: {fileID: 125790, guid: ca663db20f9e74dc88b2d1ba8f5e7a3c, type: 2}
    - target: {fileID: 11434530, guid: bfa4db5cc4aec40068d31a953a630205, type: 2}
      propertyPath: slim
      value: 
      objectReference: {fileID: 196494, guid: 21307d484ca2341258ec4db73d9a9d7d, type: 2}
    - target: {fileID: 11434530, guid: bfa4db5cc4aec40068d31a953a630205, type: 2}
      propertyPath: mage
      value: 
      objectReference: {fileID: 148600, guid: e23a5815a865048c188070184fa9ea69, type: 2}
    - target: {fileID: 11434530, guid: bfa4db5cc4aec40068d31a953a630205, type: 2}
      propertyPath: items.Array.data[0]
      value: 
      objectReference: {fileID: 163572, guid: 116e01f54fc774757aecaf52e97adef4, type: 2}
    - target: {fileID: 11434530, guid: bfa4db5cc4aec40068d31a953a630205, type: 2}
      propertyPath: items.Array.data[1]
      value: 
      objectReference: {fileID: 166016, guid: 9a35eaab33667432685bbf1e6a0540f3, type: 2}
    - target: {fileID: 11434530, guid: bfa4db5cc4aec40068d31a953a630205, type: 2}
      propertyPath: items.Array.data[2]
      value: 
      objectReference: {fileID: 119652, guid: ce6c653d2389d438a9e83044f9e98056, type: 2}
    - target: {fileID: 11434530, guid: bfa4db5cc4aec40068d31a953a630205, type: 2}
      propertyPath: items.Array.data[3]
      value: 
      objectReference: {fileID: 165390, guid: d46e795d6f21c4aa3af3234c1293efe8, type: 2}
    - target: {fileID: 11434530, guid: bfa4db5cc4aec40068d31a953a630205, type: 2}
      propertyPath: gunner
      value: 
      objectReference: {fileID: 139166, guid: 6c2116f1b5bf14e849a6c90ceb2856d4, type: 2}
    - target: {fileID: 11434530, guid: bfa4db5cc4aec40068d31a953a630205, type: 2}
      propertyPath: Modules.Array.data[9]
      value: 
      objectReference: {fileID: 0}
    - target: {fileID: 11434530, guid: bfa4db5cc4aec40068d31a953a630205, type: 2}
      propertyPath: Modules.Array.data[10]
      value: 
      objectReference: {fileID: 0}
    - target: {fileID: 11434530, guid: bfa4db5cc4aec40068d31a953a630205, type: 2}
      propertyPath: Modules.Array.data[11]
      value: 
      objectReference: {fileID: 0}
    - target: {fileID: 11434530, guid: bfa4db5cc4aec40068d31a953a630205, type: 2}
      propertyPath: basicEnemy.Array.data[0]
      value: 
      objectReference: {fileID: 151724, guid: f317dd704046449908f9cf25e87f9b99, type: 2}
    - target: {fileID: 11434530, guid: bfa4db5cc4aec40068d31a953a630205, type: 2}
      propertyPath: basicEnemy.Array.data[1]
      value: 
      objectReference: {fileID: 125790, guid: ca663db20f9e74dc88b2d1ba8f5e7a3c, type: 2}
    - target: {fileID: 11434530, guid: bfa4db5cc4aec40068d31a953a630205, type: 2}
      propertyPath: basicEnemy.Array.data[2]
      value: 
      objectReference: {fileID: 196494, guid: 21307d484ca2341258ec4db73d9a9d7d, type: 2}
    - target: {fileID: 11434530, guid: bfa4db5cc4aec40068d31a953a630205, type: 2}
      propertyPath: basicEnemy.Array.data[3]
      value: 
      objectReference: {fileID: 196946, guid: 9a5ba1782ce6d4c37a20dac8078057ea, type: 2}
    - target: {fileID: 11434530, guid: bfa4db5cc4aec40068d31a953a630205, type: 2}
      propertyPath: bosses.Array.data[0]
      value: 
      objectReference: {fileID: 111190, guid: 6c156b3293d2a405883768ee41e0855c, type: 2}
    - target: {fileID: 11434530, guid: bfa4db5cc4aec40068d31a953a630205, type: 2}
      propertyPath: bosses.Array.data[1]
      value: 
      objectReference: {fileID: 165390, guid: 3373710a4f7ea4f8fa06b0c510b59ffd, type: 2}
    m_RemovedComponents: []
  m_ParentPrefab: {fileID: 100100000, guid: bfa4db5cc4aec40068d31a953a630205, type: 2}
  m_IsPrefabParent: 0
