%YAML 1.1
%TAG !u! tag:unity3d.com,2011:
--- !u!1 &100140
GameObject:
  m_ObjectHideFlags: 1
  m_PrefabParentObject: {fileID: 0}
  m_PrefabInternal: {fileID: 100100000}
  serializedVersion: 4
  m_Component:
  - 4: {fileID: 471010}
  m_Layer: 9
  m_Name: LeftHandRing3
  m_TagString: Untagged
  m_Icon: {fileID: 0}
  m_NavMeshLayer: 0
  m_StaticEditorFlags: 0
  m_IsActive: 1
--- !u!1 &102170
GameObject:
  m_ObjectHideFlags: 1
  m_PrefabParentObject: {fileID: 0}
  m_PrefabInternal: {fileID: 100100000}
  serializedVersion: 4
  m_Component:
  - 4: {fileID: 486792}
  m_Layer: 9
  m_Name: RightHandMiddle2
  m_TagString: Untagged
  m_Icon: {fileID: 0}
  m_NavMeshLayer: 0
  m_StaticEditorFlags: 0
  m_IsActive: 1
--- !u!1 &102940
GameObject:
  m_ObjectHideFlags: 1
  m_PrefabParentObject: {fileID: 0}
  m_PrefabInternal: {fileID: 100100000}
  serializedVersion: 4
  m_Component:
  - 4: {fileID: 428552}
  m_Layer: 9
  m_Name: LeftHandPinky2
  m_TagString: Untagged
  m_Icon: {fileID: 0}
  m_NavMeshLayer: 0
  m_StaticEditorFlags: 0
  m_IsActive: 1
--- !u!1 &103110
GameObject:
  m_ObjectHideFlags: 1
  m_PrefabParentObject: {fileID: 0}
  m_PrefabInternal: {fileID: 100100000}
  serializedVersion: 4
  m_Component:
  - 4: {fileID: 472772}
  m_Layer: 9
  m_Name: LeftHandMiddle4
  m_TagString: Untagged
  m_Icon: {fileID: 0}
  m_NavMeshLayer: 0
  m_StaticEditorFlags: 0
  m_IsActive: 1
--- !u!1 &103132
GameObject:
  m_ObjectHideFlags: 0
  m_PrefabParentObject: {fileID: 0}
  m_PrefabInternal: {fileID: 100100000}
  serializedVersion: 4
  m_Component:
  - 4: {fileID: 415750}
  - 137: {fileID: 13749870}
  m_Layer: 9
  m_Name: Goblin
  m_TagString: Untagged
  m_Icon: {fileID: 0}
  m_NavMeshLayer: 0
  m_StaticEditorFlags: 0
  m_IsActive: 1
--- !u!1 &105212
GameObject:
  m_ObjectHideFlags: 1
  m_PrefabParentObject: {fileID: 0}
  m_PrefabInternal: {fileID: 100100000}
  serializedVersion: 4
  m_Component:
  - 4: {fileID: 464820}
  m_Layer: 9
  m_Name: RightHandRing1
  m_TagString: Untagged
  m_Icon: {fileID: 0}
  m_NavMeshLayer: 0
  m_StaticEditorFlags: 0
  m_IsActive: 1
--- !u!1 &108254
GameObject:
  m_ObjectHideFlags: 1
  m_PrefabParentObject: {fileID: 0}
  m_PrefabInternal: {fileID: 100100000}
  serializedVersion: 4
  m_Component:
  - 4: {fileID: 442712}
  m_Layer: 9
  m_Name: LeftShoulder
  m_TagString: Untagged
  m_Icon: {fileID: 0}
  m_NavMeshLayer: 0
  m_StaticEditorFlags: 0
  m_IsActive: 1
--- !u!1 &110540
GameObject:
  m_ObjectHideFlags: 1
  m_PrefabParentObject: {fileID: 0}
  m_PrefabInternal: {fileID: 100100000}
  serializedVersion: 4
  m_Component:
  - 4: {fileID: 426874}
  m_Layer: 9
  m_Name: LeftHandIndex1
  m_TagString: Untagged
  m_Icon: {fileID: 0}
  m_NavMeshLayer: 0
  m_StaticEditorFlags: 0
  m_IsActive: 1
--- !u!1 &111190
GameObject:
  m_ObjectHideFlags: 0
  m_PrefabParentObject: {fileID: 0}
  m_PrefabInternal: {fileID: 100100000}
  serializedVersion: 4
  m_Component:
  - 4: {fileID: 467730}
  - 95: {fileID: 9526142}
  - 65: {fileID: 6500812}
  - 54: {fileID: 5468956}
  - 114: {fileID: 11400584}
  - 114: {fileID: 11431602}
  m_Layer: 9
  m_Name: Boss(Goblin)
  m_TagString: Boss
  m_Icon: {fileID: 0}
  m_NavMeshLayer: 0
  m_StaticEditorFlags: 0
  m_IsActive: 1
--- !u!1 &114534
GameObject:
  m_ObjectHideFlags: 1
  m_PrefabParentObject: {fileID: 0}
  m_PrefabInternal: {fileID: 100100000}
  serializedVersion: 4
  m_Component:
  - 4: {fileID: 401966}
  m_Layer: 9
  m_Name: RightHandThumb3
  m_TagString: Untagged
  m_Icon: {fileID: 0}
  m_NavMeshLayer: 0
  m_StaticEditorFlags: 0
  m_IsActive: 1
--- !u!1 &114916
GameObject:
  m_ObjectHideFlags: 1
  m_PrefabParentObject: {fileID: 0}
  m_PrefabInternal: {fileID: 100100000}
  serializedVersion: 4
  m_Component:
  - 4: {fileID: 451546}
  m_Layer: 9
  m_Name: LeftHandThumb4
  m_TagString: Untagged
  m_Icon: {fileID: 0}
  m_NavMeshLayer: 0
  m_StaticEditorFlags: 0
  m_IsActive: 1
--- !u!1 &116336
GameObject:
  m_ObjectHideFlags: 1
  m_PrefabParentObject: {fileID: 0}
  m_PrefabInternal: {fileID: 100100000}
  serializedVersion: 4
  m_Component:
  - 4: {fileID: 416334}
  m_Layer: 9
  m_Name: RightHandIndex1
  m_TagString: Untagged
  m_Icon: {fileID: 0}
  m_NavMeshLayer: 0
  m_StaticEditorFlags: 0
  m_IsActive: 1
--- !u!1 &116912
GameObject:
  m_ObjectHideFlags: 1
  m_PrefabParentObject: {fileID: 0}
  m_PrefabInternal: {fileID: 100100000}
  serializedVersion: 4
  m_Component:
  - 4: {fileID: 409682}
  m_Layer: 9
  m_Name: Spine2
  m_TagString: Untagged
  m_Icon: {fileID: 0}
  m_NavMeshLayer: 0
  m_StaticEditorFlags: 0
  m_IsActive: 1
--- !u!1 &119628
GameObject:
  m_ObjectHideFlags: 1
  m_PrefabParentObject: {fileID: 0}
  m_PrefabInternal: {fileID: 100100000}
  serializedVersion: 4
  m_Component:
  - 4: {fileID: 474104}
  m_Layer: 9
  m_Name: HeadTop_End
  m_TagString: Untagged
  m_Icon: {fileID: 0}
  m_NavMeshLayer: 0
  m_StaticEditorFlags: 0
  m_IsActive: 1
--- !u!1 &121686
GameObject:
  m_ObjectHideFlags: 1
  m_PrefabParentObject: {fileID: 0}
  m_PrefabInternal: {fileID: 100100000}
  serializedVersion: 4
  m_Component:
  - 4: {fileID: 490264}
  m_Layer: 9
  m_Name: LeftHandIndex2
  m_TagString: Untagged
  m_Icon: {fileID: 0}
  m_NavMeshLayer: 0
  m_StaticEditorFlags: 0
  m_IsActive: 1
--- !u!1 &122154
GameObject:
  m_ObjectHideFlags: 1
  m_PrefabParentObject: {fileID: 0}
  m_PrefabInternal: {fileID: 100100000}
  serializedVersion: 4
  m_Component:
  - 4: {fileID: 403558}
  m_Layer: 9
  m_Name: LeftHandRing1
  m_TagString: Untagged
  m_Icon: {fileID: 0}
  m_NavMeshLayer: 0
  m_StaticEditorFlags: 0
  m_IsActive: 1
--- !u!1 &124268
GameObject:
  m_ObjectHideFlags: 1
  m_PrefabParentObject: {fileID: 0}
  m_PrefabInternal: {fileID: 100100000}
  serializedVersion: 4
  m_Component:
  - 4: {fileID: 474842}
  m_Layer: 9
  m_Name: Spine1
  m_TagString: Untagged
  m_Icon: {fileID: 0}
  m_NavMeshLayer: 0
  m_StaticEditorFlags: 0
  m_IsActive: 1
--- !u!1 &127516
GameObject:
  m_ObjectHideFlags: 1
  m_PrefabParentObject: {fileID: 0}
  m_PrefabInternal: {fileID: 100100000}
  serializedVersion: 4
  m_Component:
  - 4: {fileID: 458308}
  m_Layer: 9
  m_Name: LeftHandRing2
  m_TagString: Untagged
  m_Icon: {fileID: 0}
  m_NavMeshLayer: 0
  m_StaticEditorFlags: 0
  m_IsActive: 1
--- !u!1 &127590
GameObject:
  m_ObjectHideFlags: 1
  m_PrefabParentObject: {fileID: 0}
  m_PrefabInternal: {fileID: 100100000}
  serializedVersion: 4
  m_Component:
  - 4: {fileID: 445032}
  m_Layer: 9
  m_Name: LeftHandThumb2
  m_TagString: Untagged
  m_Icon: {fileID: 0}
  m_NavMeshLayer: 0
  m_StaticEditorFlags: 0
  m_IsActive: 1
--- !u!1 &127662
GameObject:
  m_ObjectHideFlags: 1
  m_PrefabParentObject: {fileID: 0}
  m_PrefabInternal: {fileID: 100100000}
  serializedVersion: 4
  m_Component:
  - 4: {fileID: 445610}
  m_Layer: 9
  m_Name: RightHandThumb1
  m_TagString: Untagged
  m_Icon: {fileID: 0}
  m_NavMeshLayer: 0
  m_StaticEditorFlags: 0
  m_IsActive: 1
--- !u!1 &129042
GameObject:
  m_ObjectHideFlags: 1
  m_PrefabParentObject: {fileID: 0}
  m_PrefabInternal: {fileID: 100100000}
  serializedVersion: 4
  m_Component:
  - 4: {fileID: 471458}
  m_Layer: 9
  m_Name: Neck
  m_TagString: Untagged
  m_Icon: {fileID: 0}
  m_NavMeshLayer: 0
  m_StaticEditorFlags: 0
  m_IsActive: 1
--- !u!1 &129326
GameObject:
  m_ObjectHideFlags: 1
  m_PrefabParentObject: {fileID: 0}
  m_PrefabInternal: {fileID: 100100000}
  serializedVersion: 4
  m_Component:
  - 4: {fileID: 467302}
  m_Layer: 9
  m_Name: RightHandRing2
  m_TagString: Untagged
  m_Icon: {fileID: 0}
  m_NavMeshLayer: 0
  m_StaticEditorFlags: 0
  m_IsActive: 1
--- !u!1 &129994
GameObject:
  m_ObjectHideFlags: 1
  m_PrefabParentObject: {fileID: 0}
  m_PrefabInternal: {fileID: 100100000}
  serializedVersion: 4
  m_Component:
  - 4: {fileID: 475784}
  m_Layer: 9
  m_Name: LeftHand
  m_TagString: Untagged
  m_Icon: {fileID: 0}
  m_NavMeshLayer: 0
  m_StaticEditorFlags: 0
  m_IsActive: 1
--- !u!1 &132640
GameObject:
  m_ObjectHideFlags: 1
  m_PrefabParentObject: {fileID: 0}
  m_PrefabInternal: {fileID: 100100000}
  serializedVersion: 4
  m_Component:
  - 4: {fileID: 412676}
  m_Layer: 9
  m_Name: RightShoulder
  m_TagString: Untagged
  m_Icon: {fileID: 0}
  m_NavMeshLayer: 0
  m_StaticEditorFlags: 0
  m_IsActive: 1
--- !u!1 &133996
GameObject:
  m_ObjectHideFlags: 1
  m_PrefabParentObject: {fileID: 0}
  m_PrefabInternal: {fileID: 100100000}
  serializedVersion: 4
  m_Component:
  - 4: {fileID: 480892}
  m_Layer: 9
  m_Name: RightHandMiddle3
  m_TagString: Untagged
  m_Icon: {fileID: 0}
  m_NavMeshLayer: 0
  m_StaticEditorFlags: 0
  m_IsActive: 1
--- !u!1 &135050
GameObject:
  m_ObjectHideFlags: 1
  m_PrefabParentObject: {fileID: 0}
  m_PrefabInternal: {fileID: 100100000}
  serializedVersion: 4
  m_Component:
  - 4: {fileID: 438950}
  m_Layer: 9
  m_Name: RightHand
  m_TagString: Untagged
  m_Icon: {fileID: 0}
  m_NavMeshLayer: 0
  m_StaticEditorFlags: 0
  m_IsActive: 1
--- !u!1 &139050
GameObject:
  m_ObjectHideFlags: 1
  m_PrefabParentObject: {fileID: 0}
  m_PrefabInternal: {fileID: 100100000}
  serializedVersion: 4
  m_Component:
  - 4: {fileID: 425414}
  m_Layer: 9
  m_Name: RightHandPinky3
  m_TagString: Untagged
  m_Icon: {fileID: 0}
  m_NavMeshLayer: 0
  m_StaticEditorFlags: 0
  m_IsActive: 1
--- !u!1 &139456
GameObject:
  m_ObjectHideFlags: 1
  m_PrefabParentObject: {fileID: 0}
  m_PrefabInternal: {fileID: 100100000}
  serializedVersion: 4
  m_Component:
  - 4: {fileID: 480890}
  m_Layer: 9
  m_Name: LeftHandRing4
  m_TagString: Untagged
  m_Icon: {fileID: 0}
  m_NavMeshLayer: 0
  m_StaticEditorFlags: 0
  m_IsActive: 1
--- !u!1 &142102
GameObject:
  m_ObjectHideFlags: 1
  m_PrefabParentObject: {fileID: 0}
  m_PrefabInternal: {fileID: 100100000}
  serializedVersion: 4
  m_Component:
  - 4: {fileID: 436998}
  m_Layer: 9
  m_Name: RightToe_End
  m_TagString: Untagged
  m_Icon: {fileID: 0}
  m_NavMeshLayer: 0
  m_StaticEditorFlags: 0
  m_IsActive: 1
--- !u!1 &142630
GameObject:
  m_ObjectHideFlags: 1
  m_PrefabParentObject: {fileID: 0}
  m_PrefabInternal: {fileID: 100100000}
  serializedVersion: 4
  m_Component:
  - 4: {fileID: 413084}
  m_Layer: 9
  m_Name: LeftHandMiddle2
  m_TagString: Untagged
  m_Icon: {fileID: 0}
  m_NavMeshLayer: 0
  m_StaticEditorFlags: 0
  m_IsActive: 1
--- !u!1 &143264
GameObject:
  m_ObjectHideFlags: 1
  m_PrefabParentObject: {fileID: 0}
  m_PrefabInternal: {fileID: 100100000}
  serializedVersion: 4
  m_Component:
  - 4: {fileID: 419322}
  m_Layer: 9
  m_Name: RightHandRing4
  m_TagString: Untagged
  m_Icon: {fileID: 0}
  m_NavMeshLayer: 0
  m_StaticEditorFlags: 0
  m_IsActive: 1
--- !u!1 &144146
GameObject:
  m_ObjectHideFlags: 1
  m_PrefabParentObject: {fileID: 0}
  m_PrefabInternal: {fileID: 100100000}
  serializedVersion: 4
  m_Component:
  - 4: {fileID: 426302}
  m_Layer: 9
  m_Name: LeftHandThumb1
  m_TagString: Untagged
  m_Icon: {fileID: 0}
  m_NavMeshLayer: 0
  m_StaticEditorFlags: 0
  m_IsActive: 1
--- !u!1 &149432
GameObject:
  m_ObjectHideFlags: 1
  m_PrefabParentObject: {fileID: 0}
  m_PrefabInternal: {fileID: 100100000}
  serializedVersion: 4
  m_Component:
  - 4: {fileID: 421508}
  m_Layer: 9
  m_Name: RightHandPinky1
  m_TagString: Untagged
  m_Icon: {fileID: 0}
  m_NavMeshLayer: 0
  m_StaticEditorFlags: 0
  m_IsActive: 1
--- !u!1 &152692
GameObject:
  m_ObjectHideFlags: 1
  m_PrefabParentObject: {fileID: 0}
  m_PrefabInternal: {fileID: 100100000}
  serializedVersion: 4
  m_Component:
  - 4: {fileID: 412674}
  m_Layer: 9
  m_Name: LeftHandThumb3
  m_TagString: Untagged
  m_Icon: {fileID: 0}
  m_NavMeshLayer: 0
  m_StaticEditorFlags: 0
  m_IsActive: 1
--- !u!1 &153268
GameObject:
  m_ObjectHideFlags: 1
  m_PrefabParentObject: {fileID: 0}
  m_PrefabInternal: {fileID: 100100000}
  serializedVersion: 4
  m_Component:
  - 4: {fileID: 453042}
  m_Layer: 9
  m_Name: LeftHandPinky4
  m_TagString: Untagged
  m_Icon: {fileID: 0}
  m_NavMeshLayer: 0
  m_StaticEditorFlags: 0
  m_IsActive: 1
--- !u!1 &154374
GameObject:
  m_ObjectHideFlags: 1
  m_PrefabParentObject: {fileID: 0}
  m_PrefabInternal: {fileID: 100100000}
  serializedVersion: 4
  m_Component:
  - 4: {fileID: 486984}
  m_Layer: 9
  m_Name: RightHandRing3
  m_TagString: Untagged
  m_Icon: {fileID: 0}
  m_NavMeshLayer: 0
  m_StaticEditorFlags: 0
  m_IsActive: 1
--- !u!1 &155134
GameObject:
  m_ObjectHideFlags: 0
  m_PrefabParentObject: {fileID: 0}
  m_PrefabInternal: {fileID: 100100000}
  serializedVersion: 4
  m_Component:
  - 4: {fileID: 409262}
  - 33: {fileID: 3376056}
  - 135: {fileID: 13539306}
  - 23: {fileID: 2352860}
  - 114: {fileID: 11459274}
  m_Layer: 9
  m_Name: playerLocality
  m_TagString: Untagged
  m_Icon: {fileID: 0}
  m_NavMeshLayer: 0
  m_StaticEditorFlags: 0
  m_IsActive: 1
--- !u!1 &155238
GameObject:
  m_ObjectHideFlags: 1
  m_PrefabParentObject: {fileID: 0}
  m_PrefabInternal: {fileID: 100100000}
  serializedVersion: 4
  m_Component:
  - 4: {fileID: 459860}
  m_Layer: 9
  m_Name: RightHandThumb2
  m_TagString: Untagged
  m_Icon: {fileID: 0}
  m_NavMeshLayer: 0
  m_StaticEditorFlags: 0
  m_IsActive: 1
--- !u!1 &157398
GameObject:
  m_ObjectHideFlags: 1
  m_PrefabParentObject: {fileID: 0}
  m_PrefabInternal: {fileID: 100100000}
  serializedVersion: 4
  m_Component:
  - 4: {fileID: 433170}
  m_Layer: 9
  m_Name: LeftHandIndex3
  m_TagString: Untagged
  m_Icon: {fileID: 0}
  m_NavMeshLayer: 0
  m_StaticEditorFlags: 0
  m_IsActive: 1
--- !u!1 &161290
GameObject:
  m_ObjectHideFlags: 1
  m_PrefabParentObject: {fileID: 0}
  m_PrefabInternal: {fileID: 100100000}
  serializedVersion: 4
  m_Component:
  - 4: {fileID: 413600}
  m_Layer: 9
  m_Name: LeftForeArm
  m_TagString: Untagged
  m_Icon: {fileID: 0}
  m_NavMeshLayer: 0
  m_StaticEditorFlags: 0
  m_IsActive: 1
--- !u!1 &163114
GameObject:
  m_ObjectHideFlags: 1
  m_PrefabParentObject: {fileID: 0}
  m_PrefabInternal: {fileID: 100100000}
  serializedVersion: 4
  m_Component:
  - 4: {fileID: 484130}
  m_Layer: 9
  m_Name: RightUpLeg
  m_TagString: Untagged
  m_Icon: {fileID: 0}
  m_NavMeshLayer: 0
  m_StaticEditorFlags: 0
  m_IsActive: 1
--- !u!1 &163586
GameObject:
  m_ObjectHideFlags: 1
  m_PrefabParentObject: {fileID: 0}
  m_PrefabInternal: {fileID: 100100000}
  serializedVersion: 4
  m_Component:
  - 4: {fileID: 474980}
  m_Layer: 9
  m_Name: RightForeArm
  m_TagString: Untagged
  m_Icon: {fileID: 0}
  m_NavMeshLayer: 0
  m_StaticEditorFlags: 0
  m_IsActive: 1
--- !u!1 &169542
GameObject:
  m_ObjectHideFlags: 1
  m_PrefabParentObject: {fileID: 0}
  m_PrefabInternal: {fileID: 100100000}
  serializedVersion: 4
  m_Component:
  - 4: {fileID: 484008}
  m_Layer: 9
  m_Name: Spine
  m_TagString: Untagged
  m_Icon: {fileID: 0}
  m_NavMeshLayer: 0
  m_StaticEditorFlags: 0
  m_IsActive: 1
--- !u!1 &170390
GameObject:
  m_ObjectHideFlags: 1
  m_PrefabParentObject: {fileID: 0}
  m_PrefabInternal: {fileID: 100100000}
  serializedVersion: 4
  m_Component:
  - 4: {fileID: 457956}
  m_Layer: 9
  m_Name: LeftHandMiddle3
  m_TagString: Untagged
  m_Icon: {fileID: 0}
  m_NavMeshLayer: 0
  m_StaticEditorFlags: 0
  m_IsActive: 1
--- !u!1 &171118
GameObject:
  m_ObjectHideFlags: 0
  m_PrefabParentObject: {fileID: 0}
  m_PrefabInternal: {fileID: 100100000}
  serializedVersion: 4
  m_Component:
  - 4: {fileID: 425362}
  m_Layer: 9
  m_Name: Hips
  m_TagString: Untagged
  m_Icon: {fileID: 0}
  m_NavMeshLayer: 0
  m_StaticEditorFlags: 0
  m_IsActive: 1
--- !u!1 &171312
GameObject:
  m_ObjectHideFlags: 1
  m_PrefabParentObject: {fileID: 0}
  m_PrefabInternal: {fileID: 100100000}
  serializedVersion: 4
  m_Component:
  - 4: {fileID: 466970}
  m_Layer: 9
  m_Name: RightArm
  m_TagString: Untagged
  m_Icon: {fileID: 0}
  m_NavMeshLayer: 0
  m_StaticEditorFlags: 0
  m_IsActive: 1
--- !u!1 &171610
GameObject:
  m_ObjectHideFlags: 1
  m_PrefabParentObject: {fileID: 0}
  m_PrefabInternal: {fileID: 100100000}
  serializedVersion: 4
  m_Component:
  - 4: {fileID: 428924}
  m_Layer: 9
  m_Name: RightHandMiddle4
  m_TagString: Untagged
  m_Icon: {fileID: 0}
  m_NavMeshLayer: 0
  m_StaticEditorFlags: 0
  m_IsActive: 1
--- !u!1 &172974
GameObject:
  m_ObjectHideFlags: 1
  m_PrefabParentObject: {fileID: 0}
  m_PrefabInternal: {fileID: 100100000}
  serializedVersion: 4
  m_Component:
  - 4: {fileID: 408092}
  m_Layer: 9
  m_Name: LeftLeg
  m_TagString: Untagged
  m_Icon: {fileID: 0}
  m_NavMeshLayer: 0
  m_StaticEditorFlags: 0
  m_IsActive: 1
--- !u!1 &174060
GameObject:
  m_ObjectHideFlags: 0
  m_PrefabParentObject: {fileID: 0}
  m_PrefabInternal: {fileID: 100100000}
  serializedVersion: 4
  m_Component:
  - 4: {fileID: 413416}
  - 137: {fileID: 13783014}
  m_Layer: 9
  m_Name: Gobiln_eyes
  m_TagString: Untagged
  m_Icon: {fileID: 0}
  m_NavMeshLayer: 0
  m_StaticEditorFlags: 0
  m_IsActive: 1
--- !u!1 &175258
GameObject:
  m_ObjectHideFlags: 1
  m_PrefabParentObject: {fileID: 0}
  m_PrefabInternal: {fileID: 100100000}
  serializedVersion: 4
  m_Component:
  - 4: {fileID: 467086}
  m_Layer: 9
  m_Name: LeftHandIndex4
  m_TagString: Untagged
  m_Icon: {fileID: 0}
  m_NavMeshLayer: 0
  m_StaticEditorFlags: 0
  m_IsActive: 1
--- !u!1 &175408
GameObject:
  m_ObjectHideFlags: 1
  m_PrefabParentObject: {fileID: 0}
  m_PrefabInternal: {fileID: 100100000}
  serializedVersion: 4
  m_Component:
  - 4: {fileID: 411052}
  m_Layer: 9
  m_Name: LeftFoot
  m_TagString: Untagged
  m_Icon: {fileID: 0}
  m_NavMeshLayer: 0
  m_StaticEditorFlags: 0
  m_IsActive: 1
--- !u!1 &176544
GameObject:
  m_ObjectHideFlags: 1
  m_PrefabParentObject: {fileID: 0}
  m_PrefabInternal: {fileID: 100100000}
  serializedVersion: 4
  m_Component:
  - 4: {fileID: 424422}
  m_Layer: 9
  m_Name: LeftHandPinky3
  m_TagString: Untagged
  m_Icon: {fileID: 0}
  m_NavMeshLayer: 0
  m_StaticEditorFlags: 0
  m_IsActive: 1
--- !u!1 &177574
GameObject:
  m_ObjectHideFlags: 1
  m_PrefabParentObject: {fileID: 0}
  m_PrefabInternal: {fileID: 100100000}
  serializedVersion: 4
  m_Component:
  - 4: {fileID: 433496}
  m_Layer: 9
  m_Name: RightHandIndex2
  m_TagString: Untagged
  m_Icon: {fileID: 0}
  m_NavMeshLayer: 0
  m_StaticEditorFlags: 0
  m_IsActive: 1
--- !u!1 &178008
GameObject:
  m_ObjectHideFlags: 1
  m_PrefabParentObject: {fileID: 0}
  m_PrefabInternal: {fileID: 100100000}
  serializedVersion: 4
  m_Component:
  - 4: {fileID: 411100}
  m_Layer: 9
  m_Name: RightHandPinky4
  m_TagString: Untagged
  m_Icon: {fileID: 0}
  m_NavMeshLayer: 0
  m_StaticEditorFlags: 0
  m_IsActive: 1
--- !u!1 &181626
GameObject:
  m_ObjectHideFlags: 1
  m_PrefabParentObject: {fileID: 0}
  m_PrefabInternal: {fileID: 100100000}
  serializedVersion: 4
  m_Component:
  - 4: {fileID: 471014}
  m_Layer: 9
  m_Name: RightHandMiddle1
  m_TagString: Untagged
  m_Icon: {fileID: 0}
  m_NavMeshLayer: 0
  m_StaticEditorFlags: 0
  m_IsActive: 1
--- !u!1 &182878
GameObject:
  m_ObjectHideFlags: 1
  m_PrefabParentObject: {fileID: 0}
  m_PrefabInternal: {fileID: 100100000}
  serializedVersion: 4
  m_Component:
  - 4: {fileID: 427492}
  m_Layer: 9
  m_Name: LeftUpLeg
  m_TagString: Untagged
  m_Icon: {fileID: 0}
  m_NavMeshLayer: 0
  m_StaticEditorFlags: 0
  m_IsActive: 1
--- !u!1 &183658
GameObject:
  m_ObjectHideFlags: 1
  m_PrefabParentObject: {fileID: 0}
  m_PrefabInternal: {fileID: 100100000}
  serializedVersion: 4
  m_Component:
  - 4: {fileID: 462544}
  m_Layer: 9
  m_Name: LeftHandPinky1
  m_TagString: Untagged
  m_Icon: {fileID: 0}
  m_NavMeshLayer: 0
  m_StaticEditorFlags: 0
  m_IsActive: 1
--- !u!1 &184252
GameObject:
  m_ObjectHideFlags: 1
  m_PrefabParentObject: {fileID: 0}
  m_PrefabInternal: {fileID: 100100000}
  serializedVersion: 4
  m_Component:
  - 4: {fileID: 417898}
  m_Layer: 9
  m_Name: RightFoot
  m_TagString: Untagged
  m_Icon: {fileID: 0}
  m_NavMeshLayer: 0
  m_StaticEditorFlags: 0
  m_IsActive: 1
--- !u!1 &185342
GameObject:
  m_ObjectHideFlags: 1
  m_PrefabParentObject: {fileID: 0}
  m_PrefabInternal: {fileID: 100100000}
  serializedVersion: 4
  m_Component:
  - 4: {fileID: 468652}
  m_Layer: 9
  m_Name: RightHandIndex3
  m_TagString: Untagged
  m_Icon: {fileID: 0}
  m_NavMeshLayer: 0
  m_StaticEditorFlags: 0
  m_IsActive: 1
--- !u!1 &185346
GameObject:
  m_ObjectHideFlags: 1
  m_PrefabParentObject: {fileID: 0}
  m_PrefabInternal: {fileID: 100100000}
  serializedVersion: 4
  m_Component:
  - 4: {fileID: 496318}
  m_Layer: 9
  m_Name: LeftToe_End
  m_TagString: Untagged
  m_Icon: {fileID: 0}
  m_NavMeshLayer: 0
  m_StaticEditorFlags: 0
  m_IsActive: 1
--- !u!1 &185844
GameObject:
  m_ObjectHideFlags: 1
  m_PrefabParentObject: {fileID: 0}
  m_PrefabInternal: {fileID: 100100000}
  serializedVersion: 4
  m_Component:
  - 4: {fileID: 425134}
  m_Layer: 9
  m_Name: Head
  m_TagString: Untagged
  m_Icon: {fileID: 0}
  m_NavMeshLayer: 0
  m_StaticEditorFlags: 0
  m_IsActive: 1
--- !u!1 &186644
GameObject:
  m_ObjectHideFlags: 1
  m_PrefabParentObject: {fileID: 0}
  m_PrefabInternal: {fileID: 100100000}
  serializedVersion: 4
  m_Component:
  - 4: {fileID: 403118}
  m_Layer: 9
  m_Name: RightHandThumb4
  m_TagString: Untagged
  m_Icon: {fileID: 0}
  m_NavMeshLayer: 0
  m_StaticEditorFlags: 0
  m_IsActive: 1
--- !u!1 &188588
GameObject:
  m_ObjectHideFlags: 1
  m_PrefabParentObject: {fileID: 0}
  m_PrefabInternal: {fileID: 100100000}
  serializedVersion: 4
  m_Component:
  - 4: {fileID: 478696}
  m_Layer: 9
  m_Name: LeftArm
  m_TagString: Untagged
  m_Icon: {fileID: 0}
  m_NavMeshLayer: 0
  m_StaticEditorFlags: 0
  m_IsActive: 1
--- !u!1 &190734
GameObject:
  m_ObjectHideFlags: 1
  m_PrefabParentObject: {fileID: 0}
  m_PrefabInternal: {fileID: 100100000}
  serializedVersion: 4
  m_Component:
  - 4: {fileID: 431044}
  m_Layer: 9
  m_Name: LeftHandMiddle1
  m_TagString: Untagged
  m_Icon: {fileID: 0}
  m_NavMeshLayer: 0
  m_StaticEditorFlags: 0
  m_IsActive: 1
--- !u!1 &192786
GameObject:
  m_ObjectHideFlags: 1
  m_PrefabParentObject: {fileID: 0}
  m_PrefabInternal: {fileID: 100100000}
  serializedVersion: 4
  m_Component:
  - 4: {fileID: 404824}
  m_Layer: 9
  m_Name: RightLeg
  m_TagString: Untagged
  m_Icon: {fileID: 0}
  m_NavMeshLayer: 0
  m_StaticEditorFlags: 0
  m_IsActive: 1
--- !u!1 &196398
GameObject:
  m_ObjectHideFlags: 1
  m_PrefabParentObject: {fileID: 0}
  m_PrefabInternal: {fileID: 100100000}
  serializedVersion: 4
  m_Component:
  - 4: {fileID: 452724}
  m_Layer: 9
  m_Name: RightHandIndex4
  m_TagString: Untagged
  m_Icon: {fileID: 0}
  m_NavMeshLayer: 0
  m_StaticEditorFlags: 0
  m_IsActive: 1
--- !u!1 &196702
GameObject:
  m_ObjectHideFlags: 1
  m_PrefabParentObject: {fileID: 0}
  m_PrefabInternal: {fileID: 100100000}
  serializedVersion: 4
  m_Component:
  - 4: {fileID: 476134}
  m_Layer: 9
  m_Name: RightHandPinky2
  m_TagString: Untagged
  m_Icon: {fileID: 0}
  m_NavMeshLayer: 0
  m_StaticEditorFlags: 0
  m_IsActive: 1
--- !u!1 &198684
GameObject:
  m_ObjectHideFlags: 1
  m_PrefabParentObject: {fileID: 0}
  m_PrefabInternal: {fileID: 100100000}
  serializedVersion: 4
  m_Component:
  - 4: {fileID: 422584}
  m_Layer: 9
  m_Name: RightToeBase
  m_TagString: Untagged
  m_Icon: {fileID: 0}
  m_NavMeshLayer: 0
  m_StaticEditorFlags: 0
  m_IsActive: 1
--- !u!1 &199268
GameObject:
  m_ObjectHideFlags: 1
  m_PrefabParentObject: {fileID: 0}
  m_PrefabInternal: {fileID: 100100000}
  serializedVersion: 4
  m_Component:
  - 4: {fileID: 496302}
  m_Layer: 9
  m_Name: LeftToeBase
  m_TagString: Untagged
  m_Icon: {fileID: 0}
  m_NavMeshLayer: 0
  m_StaticEditorFlags: 0
  m_IsActive: 1
--- !u!4 &401966
Transform:
  m_ObjectHideFlags: 1
  m_PrefabParentObject: {fileID: 0}
  m_PrefabInternal: {fileID: 100100000}
  m_GameObject: {fileID: 114534}
  m_LocalRotation: {x: -0.0018249344, y: -0.15334916, z: -0.009883498, w: 0.988121}
  m_LocalPosition: {x: -0.00034981774, y: -0.03520303, z: -0.000027552509}
  m_LocalScale: {x: 1, y: 1, z: 1}
  m_Children:
  - {fileID: 403118}
  m_Father: {fileID: 459860}
  m_RootOrder: 0
--- !u!4 &403118
Transform:
  m_ObjectHideFlags: 1
  m_PrefabParentObject: {fileID: 0}
  m_PrefabInternal: {fileID: 100100000}
  m_GameObject: {fileID: 186644}
  m_LocalRotation: {x: 0.09425866, y: 0.0136664305, z: 0.20495303, w: 0.9741267}
  m_LocalPosition: {x: 0.00047075484, y: -0.050875254, z: -0.00022290507}
  m_LocalScale: {x: 1, y: 1, z: 1}
  m_Children: []
  m_Father: {fileID: 401966}
  m_RootOrder: 0
--- !u!4 &403558
Transform:
  m_ObjectHideFlags: 1
  m_PrefabParentObject: {fileID: 0}
  m_PrefabInternal: {fileID: 100100000}
  m_GameObject: {fileID: 122154}
  m_LocalRotation: {x: 0.99459195, y: -0.10346906, z: -0.008142266, w: -0.0038340497}
  m_LocalPosition: {x: -0.012527468, y: 0.23630294, z: 0.013357769}
  m_LocalScale: {x: 1, y: 1, z: 1}
  m_Children:
  - {fileID: 458308}
  m_Father: {fileID: 475784}
  m_RootOrder: 3
--- !u!4 &404824
Transform:
  m_ObjectHideFlags: 1
  m_PrefabParentObject: {fileID: 0}
  m_PrefabInternal: {fileID: 100100000}
  m_GameObject: {fileID: 192786}
  m_LocalRotation: {x: -0.36853895, y: -0.011051423, z: 0.00261567, w: 0.92954296}
  m_LocalPosition: {x: 0.002353088, y: 0.41871348, z: 0.0068359673}
  m_LocalScale: {x: 1, y: 1, z: 1}
  m_Children:
  - {fileID: 417898}
  m_Father: {fileID: 484130}
  m_RootOrder: 0
--- !u!4 &408092
Transform:
  m_ObjectHideFlags: 1
  m_PrefabParentObject: {fileID: 0}
  m_PrefabInternal: {fileID: 100100000}
  m_GameObject: {fileID: 172974}
  m_LocalRotation: {x: -0.36854038, y: 0.010992283, z: -0.0025920542, w: 0.92954314}
  m_LocalPosition: {x: -0.002353088, y: 0.41871348, z: 0.0068359673}
  m_LocalScale: {x: 1, y: 1, z: 1}
  m_Children:
  - {fileID: 411052}
  m_Father: {fileID: 427492}
  m_RootOrder: 0
--- !u!4 &409262
Transform:
  m_ObjectHideFlags: 1
  m_PrefabParentObject: {fileID: 0}
  m_PrefabInternal: {fileID: 100100000}
  m_GameObject: {fileID: 155134}
  m_LocalRotation: {x: 0, y: 0, z: 0, w: 1}
  m_LocalPosition: {x: 0, y: 0, z: 0}
  m_LocalScale: {x: 20, y: 20, z: 20}
  m_Children: []
  m_Father: {fileID: 467730}
  m_RootOrder: 3
--- !u!4 &409682
Transform:
  m_ObjectHideFlags: 1
  m_PrefabParentObject: {fileID: 0}
  m_PrefabInternal: {fileID: 100100000}
  m_GameObject: {fileID: 116912}
  m_LocalRotation: {x: -1.3877788e-17, y: 4.3368087e-19, z: 6.018531e-36, w: 1}
  m_LocalPosition: {x: 1.9905769e-10, y: 0.15955417, z: 0.034095984}
  m_LocalScale: {x: 1, y: 1, z: 1}
  m_Children:
  - {fileID: 442712}
  - {fileID: 471458}
  - {fileID: 412676}
  m_Father: {fileID: 474842}
  m_RootOrder: 0
--- !u!4 &411052
Transform:
  m_ObjectHideFlags: 1
  m_PrefabParentObject: {fileID: 0}
  m_PrefabInternal: {fileID: 100100000}
  m_GameObject: {fileID: 175408}
  m_LocalRotation: {x: 0.638543, y: -0.076865144, z: -0.031019593, w: 0.76510936}
  m_LocalPosition: {x: 0.0013223506, y: 0.41147673, z: 0.008645716}
  m_LocalScale: {x: 1, y: 1, z: 1}
  m_Children:
  - {fileID: 496302}
  m_Father: {fileID: 408092}
  m_RootOrder: 0
--- !u!4 &411100
Transform:
  m_ObjectHideFlags: 1
  m_PrefabParentObject: {fileID: 0}
  m_PrefabInternal: {fileID: 100100000}
  m_GameObject: {fileID: 178008}
  m_LocalRotation: {x: -0.2036389, y: -0.056648664, z: -0.13186797, w: 0.9684694}
  m_LocalPosition: {x: -0.0041791787, y: -0.036166616, z: 0.0021795246}
  m_LocalScale: {x: 1, y: 1, z: 1}
  m_Children: []
  m_Father: {fileID: 425414}
  m_RootOrder: 0
--- !u!4 &412674
Transform:
  m_ObjectHideFlags: 1
  m_PrefabParentObject: {fileID: 0}
  m_PrefabInternal: {fileID: 100100000}
  m_GameObject: {fileID: 152692}
  m_LocalRotation: {x: 0.036754634, y: 0.018476676, z: -0.010240329, w: 0.99910104}
  m_LocalPosition: {x: -0.00085037685, y: -0.035035286, z: -0.0033439137}
  m_LocalScale: {x: 1, y: 1, z: 1}
  m_Children:
  - {fileID: 451546}
  m_Father: {fileID: 445032}
  m_RootOrder: 0
--- !u!4 &412676
Transform:
  m_ObjectHideFlags: 1
  m_PrefabParentObject: {fileID: 0}
  m_PrefabInternal: {fileID: 100100000}
  m_GameObject: {fileID: 132640}
  m_LocalRotation: {x: -0.5360513, y: -0.4515001, z: 0.56233484, w: -0.43883523}
  m_LocalPosition: {x: 0.14806186, y: 0.16219263, z: -0.04116488}
  m_LocalScale: {x: 1, y: 1, z: 1}
  m_Children:
  - {fileID: 466970}
  m_Father: {fileID: 409682}
  m_RootOrder: 2
--- !u!4 &413084
Transform:
  m_ObjectHideFlags: 1
  m_PrefabParentObject: {fileID: 0}
  m_PrefabInternal: {fileID: 100100000}
  m_GameObject: {fileID: 142630}
  m_LocalRotation: {x: 0.00000043921065, y: -0.0002132118, z: -0.023009617, w: 0.99973524}
  m_LocalPosition: {x: -0.0015588804, y: -0.07174797, z: -9.927802e-10}
  m_LocalScale: {x: 1, y: 1, z: 1}
  m_Children:
  - {fileID: 457956}
  m_Father: {fileID: 431044}
  m_RootOrder: 0
--- !u!4 &413416
Transform:
  m_ObjectHideFlags: 1
  m_PrefabParentObject: {fileID: 0}
  m_PrefabInternal: {fileID: 100100000}
  m_GameObject: {fileID: 174060}
  m_LocalRotation: {x: 0, y: 0, z: 0, w: 1}
  m_LocalPosition: {x: 0, y: 0, z: 0}
  m_LocalScale: {x: 1, y: 1, z: 1}
  m_Children: []
  m_Father: {fileID: 467730}
  m_RootOrder: 0
--- !u!4 &413600
Transform:
  m_ObjectHideFlags: 1
  m_PrefabParentObject: {fileID: 0}
  m_PrefabInternal: {fileID: 100100000}
  m_GameObject: {fileID: 161290}
  m_LocalRotation: {x: 0.000000042919268, y: 0.2097594, z: -0.00000028999193, w: 0.97775304}
  m_LocalPosition: {x: 0.0000000053116995, y: 0.29972336, z: 0.0000000030586749}
  m_LocalScale: {x: 1, y: 1, z: 1}
  m_Children:
  - {fileID: 475784}
  m_Father: {fileID: 478696}
  m_RootOrder: 0
--- !u!4 &415750
Transform:
  m_ObjectHideFlags: 1
  m_PrefabParentObject: {fileID: 0}
  m_PrefabInternal: {fileID: 100100000}
  m_GameObject: {fileID: 103132}
  m_LocalRotation: {x: -0.7071068, y: 0, z: -0, w: 0.7071068}
  m_LocalPosition: {x: 0, y: 0, z: 0}
  m_LocalScale: {x: 1, y: 1, z: 1}
  m_Children: []
  m_Father: {fileID: 467730}
  m_RootOrder: 1
--- !u!4 &416334
Transform:
  m_ObjectHideFlags: 1
  m_PrefabParentObject: {fileID: 0}
  m_PrefabInternal: {fileID: 100100000}
  m_GameObject: {fileID: 116336}
  m_LocalRotation: {x: 0.9796105, y: 0.1979879, z: 0.027827734, w: 0.019739963}
  m_LocalPosition: {x: -0.14821543, y: 0.20381962, z: 0.009207508}
  m_LocalScale: {x: 1, y: 1, z: 1}
  m_Children:
  - {fileID: 433496}
  m_Father: {fileID: 438950}
  m_RootOrder: 0
--- !u!4 &417898
Transform:
  m_ObjectHideFlags: 1
  m_PrefabParentObject: {fileID: 0}
  m_PrefabInternal: {fileID: 100100000}
  m_GameObject: {fileID: 184252}
  m_LocalRotation: {x: 0.63854575, y: 0.07694028, z: 0.030972185, w: 0.76510143}
  m_LocalPosition: {x: -0.0013223506, y: 0.41147673, z: 0.008645716}
  m_LocalScale: {x: 1, y: 1, z: 1}
  m_Children:
  - {fileID: 422584}
  m_Father: {fileID: 404824}
  m_RootOrder: 0
--- !u!4 &419322
Transform:
  m_ObjectHideFlags: 1
  m_PrefabParentObject: {fileID: 0}
  m_PrefabInternal: {fileID: 100100000}
  m_GameObject: {fileID: 143264}
  m_LocalRotation: {x: 0.0015412342, y: 0.00001859518, z: 0.01206423, w: 0.99992603}
  m_LocalPosition: {x: -0.0069306195, y: -0.049158446, z: 0.0011186405}
  m_LocalScale: {x: 1, y: 1, z: 1}
  m_Children: []
  m_Father: {fileID: 486984}
  m_RootOrder: 0
--- !u!4 &421508
Transform:
  m_ObjectHideFlags: 1
  m_PrefabParentObject: {fileID: 0}
  m_PrefabInternal: {fileID: 100100000}
  m_GameObject: {fileID: 149432}
  m_LocalRotation: {x: 0.98631674, y: 0.09922972, z: 0.1304001, w: -0.018126873}
  m_LocalPosition: {x: 0.024854476, y: 0.22704352, z: 0.01436575}
  m_LocalScale: {x: 1, y: 1, z: 1}
  m_Children:
  - {fileID: 476134}
  m_Father: {fileID: 438950}
  m_RootOrder: 2
--- !u!4 &422584
Transform:
  m_ObjectHideFlags: 1
  m_PrefabParentObject: {fileID: 0}
  m_PrefabInternal: {fileID: 100100000}
  m_GameObject: {fileID: 198684}
  m_LocalRotation: {x: 0.33998543, y: -0.057570428, z: 0.020857181, w: 0.93843514}
  m_LocalPosition: {x: -2.2716666e-10, y: 0.26112682, z: 0.0000000048218713}
  m_LocalScale: {x: 1, y: 1, z: 1}
  m_Children:
  - {fileID: 436998}
  m_Father: {fileID: 417898}
  m_RootOrder: 0
--- !u!4 &424422
Transform:
  m_ObjectHideFlags: 1
  m_PrefabParentObject: {fileID: 0}
  m_PrefabInternal: {fileID: 100100000}
  m_GameObject: {fileID: 176544}
  m_LocalRotation: {x: 0.005521399, y: 0.0017316614, z: 0.0073279096, w: 0.9999564}
  m_LocalPosition: {x: 0.00031602595, y: -0.048101023, z: 0.00013489931}
  m_LocalScale: {x: 1, y: 1, z: 1}
  m_Children:
  - {fileID: 453042}
  m_Father: {fileID: 428552}
  m_RootOrder: 0
--- !u!4 &425134
Transform:
  m_ObjectHideFlags: 1
  m_PrefabParentObject: {fileID: 0}
  m_PrefabInternal: {fileID: 100100000}
  m_GameObject: {fileID: 185844}
  m_LocalRotation: {x: 3e-45, y: -5.293956e-23, z: 5.4679345e-23, w: 1}
  m_LocalPosition: {x: -1.1686814e-11, y: 0.0703109, z: 0.03806764}
  m_LocalScale: {x: 1, y: 1, z: 1}
  m_Children:
  - {fileID: 474104}
  m_Father: {fileID: 471458}
  m_RootOrder: 0
--- !u!4 &425362
Transform:
  m_ObjectHideFlags: 1
  m_PrefabParentObject: {fileID: 0}
  m_PrefabInternal: {fileID: 100100000}
  m_GameObject: {fileID: 171118}
  m_LocalRotation: {x: 1.1241709e-21, y: -5.5120075e-10, z: 0.000000008080895, w: 1}
  m_LocalPosition: {x: -0.00071200466, y: 1.003997, z: -0.009325629}
  m_LocalScale: {x: 1, y: 1, z: 1}
  m_Children:
  - {fileID: 427492}
  - {fileID: 484130}
  - {fileID: 484008}
  m_Father: {fileID: 467730}
  m_RootOrder: 2
--- !u!4 &425414
Transform:
  m_ObjectHideFlags: 1
  m_PrefabParentObject: {fileID: 0}
  m_PrefabInternal: {fileID: 100100000}
  m_GameObject: {fileID: 139050}
  m_LocalRotation: {x: 0.011235122, y: 0.0029441067, z: -0.014434063, w: 0.9998284}
  m_LocalPosition: {x: -0.006873297, y: -0.04757303, z: 0.0018414793}
  m_LocalScale: {x: 1, y: 1, z: 1}
  m_Children:
  - {fileID: 411100}
  m_Father: {fileID: 476134}
  m_RootOrder: 0
--- !u!4 &426302
Transform:
  m_ObjectHideFlags: 1
  m_PrefabParentObject: {fileID: 0}
  m_PrefabInternal: {fileID: 100100000}
  m_GameObject: {fileID: 144146}
  m_LocalRotation: {x: 0.8922017, y: -0.36115456, z: 0.021463566, w: -0.27033845}
  m_LocalPosition: {x: 0.11866217, y: 0.10027333, z: 0.06658973}
  m_LocalScale: {x: 1, y: 1, z: 1}
  m_Children:
  - {fileID: 445032}
  m_Father: {fileID: 475784}
  m_RootOrder: 4
--- !u!4 &426874
Transform:
  m_ObjectHideFlags: 1
  m_PrefabParentObject: {fileID: 0}
  m_PrefabInternal: {fileID: 100100000}
  m_GameObject: {fileID: 110540}
  m_LocalRotation: {x: 0.9955621, y: -0.0933043, z: -0.0039037892, w: -0.011631601}
  m_LocalPosition: {x: 0.108279616, y: 0.22705923, z: 0.017738435}
  m_LocalScale: {x: 1, y: 1, z: 1}
  m_Children:
  - {fileID: 490264}
  m_Father: {fileID: 475784}
  m_RootOrder: 0
--- !u!4 &427492
Transform:
  m_ObjectHideFlags: 1
  m_PrefabParentObject: {fileID: 0}
  m_PrefabInternal: {fileID: 100100000}
  m_GameObject: {fileID: 182878}
  m_LocalRotation: {x: -0.13715565, y: 0.15859668, z: 0.97735745, w: 0.028424555}
  m_LocalPosition: {x: -0.15427092, y: -0.06655088, z: 0.0067863106}
  m_LocalScale: {x: 1, y: 1, z: 1}
  m_Children:
  - {fileID: 408092}
  m_Father: {fileID: 425362}
  m_RootOrder: 0
--- !u!4 &428552
Transform:
  m_ObjectHideFlags: 1
  m_PrefabParentObject: {fileID: 0}
  m_PrefabInternal: {fileID: 100100000}
  m_GameObject: {fileID: 102940}
  m_LocalRotation: {x: 0.007487124, y: 0.07475315, z: 0.005319878, w: 0.9971598}
  m_LocalPosition: {x: 0.00086237275, y: -0.05253479, z: -0.0007323538}
  m_LocalScale: {x: 1, y: 1, z: 1}
  m_Children:
  - {fileID: 424422}
  m_Father: {fileID: 462544}
  m_RootOrder: 0
--- !u!4 &428924
Transform:
  m_ObjectHideFlags: 1
  m_PrefabParentObject: {fileID: 0}
  m_PrefabInternal: {fileID: 100100000}
  m_GameObject: {fileID: 171610}
  m_LocalRotation: {x: -0.07304236, y: 0.0050667115, z: 0.083788425, w: 0.99379003}
  m_LocalPosition: {x: 0.00021189296, y: -0.054022364, z: 0.0010858094}
  m_LocalScale: {x: 1, y: 1, z: 1}
  m_Children: []
  m_Father: {fileID: 480892}
  m_RootOrder: 0
--- !u!4 &431044
Transform:
  m_ObjectHideFlags: 1
  m_PrefabParentObject: {fileID: 0}
  m_PrefabInternal: {fileID: 100100000}
  m_GameObject: {fileID: 190734}
  m_LocalRotation: {x: 0.9937565, y: -0.111427076, z: -0.0045105987, w: -0.0034392842}
  m_LocalPosition: {x: 0.04768234, y: 0.2332735, z: 0.0014376732}
  m_LocalScale: {x: 1, y: 1, z: 1}
  m_Children:
  - {fileID: 413084}
  m_Father: {fileID: 475784}
  m_RootOrder: 1
--- !u!4 &433170
Transform:
  m_ObjectHideFlags: 1
  m_PrefabParentObject: {fileID: 0}
  m_PrefabInternal: {fileID: 100100000}
  m_GameObject: {fileID: 157398}
  m_LocalRotation: {x: 0.010820311, y: -0.032138668, z: 0.007889978, w: 0.9993937}
  m_LocalPosition: {x: -0.0003171738, y: -0.05337774, z: -0.0001315852}
  m_LocalScale: {x: 1, y: 1, z: 1}
  m_Children:
  - {fileID: 467086}
  m_Father: {fileID: 490264}
  m_RootOrder: 0
--- !u!4 &433496
Transform:
  m_ObjectHideFlags: 1
  m_PrefabParentObject: {fileID: 0}
  m_PrefabInternal: {fileID: 100100000}
  m_GameObject: {fileID: 177574}
  m_LocalRotation: {x: 0.008025716, y: -0.03856926, z: -0.0030098131, w: 0.9992192}
  m_LocalPosition: {x: 0.0007686314, y: -0.064252146, z: -0.0011377626}
  m_LocalScale: {x: 1, y: 1, z: 1}
  m_Children:
  - {fileID: 468652}
  m_Father: {fileID: 416334}
  m_RootOrder: 0
--- !u!4 &436998
Transform:
  m_ObjectHideFlags: 1
  m_PrefabParentObject: {fileID: 0}
  m_PrefabInternal: {fileID: 100100000}
  m_GameObject: {fileID: 142102}
  m_LocalRotation: {x: 0, y: 0, z: 0, w: 1}
  m_LocalPosition: {x: -0.0000000011983207, y: 0.11669008, z: 2.5644412e-10}
  m_LocalScale: {x: 1, y: 1, z: 1}
  m_Children: []
  m_Father: {fileID: 422584}
  m_RootOrder: 0
--- !u!4 &438950
Transform:
  m_ObjectHideFlags: 1
  m_PrefabParentObject: {fileID: 0}
  m_PrefabInternal: {fileID: 100100000}
  m_GameObject: {fileID: 135050}
  m_LocalRotation: {x: 0.0172443, y: -0.123642616, z: -0.1923655, w: 0.9733502}
  m_LocalPosition: {x: 0.0034108346, y: 0.2599953, z: -0.011336989}
  m_LocalScale: {x: 1, y: 1, z: 1}
  m_Children:
  - {fileID: 416334}
  - {fileID: 471014}
  - {fileID: 421508}
  - {fileID: 464820}
  - {fileID: 445610}
  m_Father: {fileID: 474980}
  m_RootOrder: 0
--- !u!4 &442712
Transform:
  m_ObjectHideFlags: 1
  m_PrefabParentObject: {fileID: 0}
  m_PrefabInternal: {fileID: 100100000}
  m_GameObject: {fileID: 108254}
  m_LocalRotation: {x: 0.5360502, y: -0.4515015, z: 0.56233376, w: 0.43883634}
  m_LocalPosition: {x: -0.17279436, y: 0.1550643, z: -0.042850044}
  m_LocalScale: {x: 1, y: 1, z: 1}
  m_Children:
  - {fileID: 478696}
  m_Father: {fileID: 409682}
  m_RootOrder: 0
--- !u!4 &445032
Transform:
  m_ObjectHideFlags: 1
  m_PrefabParentObject: {fileID: 0}
  m_PrefabInternal: {fileID: 100100000}
  m_GameObject: {fileID: 127590}
  m_LocalRotation: {x: -0.09349034, y: -0.0078272, z: -0.010126696, w: 0.99553794}
  m_LocalPosition: {x: -0.002370084, y: -0.05315302, z: 0.004881083}
  m_LocalScale: {x: 1, y: 1, z: 1}
  m_Children:
  - {fileID: 412674}
  m_Father: {fileID: 426302}
  m_RootOrder: 0
--- !u!4 &445610
Transform:
  m_ObjectHideFlags: 1
  m_PrefabParentObject: {fileID: 0}
  m_PrefabInternal: {fileID: 100100000}
  m_GameObject: {fileID: 127662}
  m_LocalRotation: {x: 0.8725451, y: 0.37848717, z: 0.123979665, w: -0.28291616}
  m_LocalPosition: {x: -0.13535224, y: 0.079269886, z: 0.06297382}
  m_LocalScale: {x: 1, y: 1, z: 1}
  m_Children:
  - {fileID: 459860}
  m_Father: {fileID: 438950}
  m_RootOrder: 4
--- !u!4 &451546
Transform:
  m_ObjectHideFlags: 1
  m_PrefabParentObject: {fileID: 0}
  m_PrefabInternal: {fileID: 100100000}
  m_GameObject: {fileID: 114916}
  m_LocalRotation: {x: 0.1048593, y: -0.03831363, z: -0.11835311, w: 0.9866758}
  m_LocalPosition: {x: -0.00007809863, y: -0.050865464, z: -0.0011231137}
  m_LocalScale: {x: 1, y: 1, z: 1}
  m_Children: []
  m_Father: {fileID: 412674}
  m_RootOrder: 0
--- !u!4 &452724
Transform:
  m_ObjectHideFlags: 1
  m_PrefabParentObject: {fileID: 0}
  m_PrefabInternal: {fileID: 100100000}
  m_GameObject: {fileID: 196398}
  m_LocalRotation: {x: -0.08811778, y: 0.13701503, z: 0.11360252, w: 0.98007995}
  m_LocalPosition: {x: 0.0000798602, y: -0.044093404, z: -0.00019802702}
  m_LocalScale: {x: 1, y: 1, z: 1}
  m_Children: []
  m_Father: {fileID: 468652}
  m_RootOrder: 0
--- !u!4 &453042
Transform:
  m_ObjectHideFlags: 1
  m_PrefabParentObject: {fileID: 0}
  m_PrefabInternal: {fileID: 100100000}
  m_GameObject: {fileID: 153268}
  m_LocalRotation: {x: -0.2036389, y: 0.056648664, z: 0.13186797, w: 0.9684694}
  m_LocalPosition: {x: -0.00029600802, y: -0.036467757, z: 0.0005050429}
  m_LocalScale: {x: 1, y: 1, z: 1}
  m_Children: []
  m_Father: {fileID: 424422}
  m_RootOrder: 0
--- !u!4 &457956
Transform:
  m_ObjectHideFlags: 1
  m_PrefabParentObject: {fileID: 0}
  m_PrefabInternal: {fileID: 100100000}
  m_GameObject: {fileID: 170390}
  m_LocalRotation: {x: -0.0066796476, y: 0.011059026, z: 0.0069830175, w: 0.9998922}
  m_LocalPosition: {x: 0.0016460964, y: -0.06772863, z: 6.3175204e-10}
  m_LocalScale: {x: 1, y: 1, z: 1}
  m_Children:
  - {fileID: 472772}
  m_Father: {fileID: 413084}
  m_RootOrder: 0
--- !u!4 &458308
Transform:
  m_ObjectHideFlags: 1
  m_PrefabParentObject: {fileID: 0}
  m_PrefabInternal: {fileID: 100100000}
  m_GameObject: {fileID: 127516}
  m_LocalRotation: {x: 0.0000011266856, y: 0.001710663, z: -0.004931057, w: 0.9999864}
  m_LocalPosition: {x: -0.00036417626, y: -0.06337418, z: 2.8467156e-10}
  m_LocalScale: {x: 1, y: 1, z: 1}
  m_Children:
  - {fileID: 471010}
  m_Father: {fileID: 403558}
  m_RootOrder: 0
--- !u!4 &459860
Transform:
  m_ObjectHideFlags: 1
  m_PrefabParentObject: {fileID: 0}
  m_PrefabInternal: {fileID: 100100000}
  m_GameObject: {fileID: 155238}
  m_LocalRotation: {x: 0.00008966443, y: 0.0410895, z: 0.004713407, w: 0.9991444}
  m_LocalPosition: {x: -0.000030489642, y: -0.05342924, z: -0.000028580867}
  m_LocalScale: {x: 1, y: 1, z: 1}
  m_Children:
  - {fileID: 401966}
  m_Father: {fileID: 445610}
  m_RootOrder: 0
--- !u!4 &462544
Transform:
  m_ObjectHideFlags: 1
  m_PrefabParentObject: {fileID: 0}
  m_PrefabInternal: {fileID: 100100000}
  m_GameObject: {fileID: 183658}
  m_LocalRotation: {x: 0.99096435, y: -0.09104946, z: -0.09825158, w: -0.0068040276}
  m_LocalPosition: {x: -0.066096455, y: 0.21788508, z: 0.023026973}
  m_LocalScale: {x: 1, y: 1, z: 1}
  m_Children:
  - {fileID: 428552}
  m_Father: {fileID: 475784}
  m_RootOrder: 2
--- !u!4 &464820
Transform:
  m_ObjectHideFlags: 1
  m_PrefabParentObject: {fileID: 0}
  m_PrefabInternal: {fileID: 100100000}
  m_GameObject: {fileID: 105212}
  m_LocalRotation: {x: 0.99326366, y: 0.10992256, z: 0.034707334, w: -0.011819184}
  m_LocalPosition: {x: -0.031142646, y: 0.23492013, z: 0.0041369144}
  m_LocalScale: {x: 1, y: 1, z: 1}
  m_Children:
  - {fileID: 467302}
  m_Father: {fileID: 438950}
  m_RootOrder: 3
--- !u!4 &466970
Transform:
  m_ObjectHideFlags: 1
  m_PrefabParentObject: {fileID: 0}
  m_PrefabInternal: {fileID: 100100000}
  m_GameObject: {fileID: 171312}
  m_LocalRotation: {x: -0.09162141, y: 0.47203484, z: -0.02900397, w: 0.8763261}
  m_LocalPosition: {x: 0.00034703113, y: 0.09701431, z: 0.005457211}
  m_LocalScale: {x: 1, y: 1, z: 1}
  m_Children:
  - {fileID: 474980}
  m_Father: {fileID: 412676}
  m_RootOrder: 0
--- !u!4 &467086
Transform:
  m_ObjectHideFlags: 1
  m_PrefabParentObject: {fileID: 0}
  m_PrefabInternal: {fileID: 100100000}
  m_GameObject: {fileID: 175258}
  m_LocalRotation: {x: -0.12737411, y: 0.0011943093, z: -0.041980572, w: 0.99096525}
  m_LocalPosition: {x: -0.00093256106, y: -0.044075187, z: 0.00088416133}
  m_LocalScale: {x: 1, y: 1, z: 1}
  m_Children: []
  m_Father: {fileID: 433170}
  m_RootOrder: 0
--- !u!4 &467302
Transform:
  m_ObjectHideFlags: 1
  m_PrefabParentObject: {fileID: 0}
  m_PrefabInternal: {fileID: 100100000}
  m_GameObject: {fileID: 129326}
  m_LocalRotation: {x: 0.0007293688, y: 0.019711807, z: -0.0065223933, w: 0.9997842}
  m_LocalPosition: {x: -0.010625007, y: -0.062438454, z: 0.002228849}
  m_LocalScale: {x: 1, y: 1, z: 1}
  m_Children:
  - {fileID: 486984}
  m_Father: {fileID: 464820}
  m_RootOrder: 0
--- !u!4 &467730
Transform:
  m_ObjectHideFlags: 1
  m_PrefabParentObject: {fileID: 0}
  m_PrefabInternal: {fileID: 100100000}
  m_GameObject: {fileID: 111190}
  m_LocalRotation: {x: 0, y: 0, z: 0, w: 1}
  m_LocalPosition: {x: 0, y: 0, z: 0}
  m_LocalScale: {x: 1, y: 1, z: 1}
  m_Children:
  - {fileID: 413416}
  - {fileID: 415750}
  - {fileID: 425362}
  - {fileID: 409262}
  m_Father: {fileID: 0}
  m_RootOrder: 0
--- !u!4 &468652
Transform:
  m_ObjectHideFlags: 1
  m_PrefabParentObject: {fileID: 0}
  m_PrefabInternal: {fileID: 100100000}
  m_GameObject: {fileID: 185342}
  m_LocalRotation: {x: -0.000578859, y: -0.029389765, z: 0.0075822365, w: 0.9995391}
  m_LocalPosition: {x: 0.00091807556, y: -0.053370748, z: -0.00014835976}
  m_LocalScale: {x: 1, y: 1, z: 1}
  m_Children:
  - {fileID: 452724}
  m_Father: {fileID: 433496}
  m_RootOrder: 0
--- !u!4 &471010
Transform:
  m_ObjectHideFlags: 1
  m_PrefabParentObject: {fileID: 0}
  m_PrefabInternal: {fileID: 100100000}
  m_GameObject: {fileID: 100140}
  m_LocalRotation: {x: -0.0015278626, y: -0.0017798189, z: -0.0029886186, w: 0.9999928}
  m_LocalPosition: {x: 0.00023814473, y: -0.0577924, z: -6.265853e-10}
  m_LocalScale: {x: 1, y: 1, z: 1}
  m_Children:
  - {fileID: 480890}
  m_Father: {fileID: 458308}
  m_RootOrder: 0
--- !u!4 &471014
Transform:
  m_ObjectHideFlags: 1
  m_PrefabParentObject: {fileID: 0}
  m_PrefabInternal: {fileID: 100100000}
  m_GameObject: {fileID: 181626}
  m_LocalRotation: {x: 0.9798035, y: 0.18860081, z: 0.065536074, w: 0.010948685}
  m_LocalPosition: {x: -0.08971876, y: 0.22042379, z: -0.007489894}
  m_LocalScale: {x: 1, y: 1, z: 1}
  m_Children:
  - {fileID: 486792}
  m_Father: {fileID: 438950}
  m_RootOrder: 1
--- !u!4 &471458
Transform:
  m_ObjectHideFlags: 1
  m_PrefabParentObject: {fileID: 0}
  m_PrefabInternal: {fileID: 100100000}
  m_GameObject: {fileID: 129042}
  m_LocalRotation: {x: 0.11580308, y: -0.0013216551, z: 0.011335448, w: 0.9932067}
  m_LocalPosition: {x: 0.00012137516, y: 0.15404741, z: 0.12290682}
  m_LocalScale: {x: 1, y: 1, z: 1}
  m_Children:
  - {fileID: 425134}
  m_Father: {fileID: 409682}
  m_RootOrder: 1
--- !u!4 &472772
Transform:
  m_ObjectHideFlags: 1
  m_PrefabParentObject: {fileID: 0}
  m_PrefabInternal: {fileID: 100100000}
  m_GameObject: {fileID: 103110}
  m_LocalRotation: {x: -0.07236748, y: -0.011126792, z: -0.0008073852, w: 0.99731565}
  m_LocalPosition: {x: 0.000566179, y: -0.05402618, z: -0.0007007125}
  m_LocalScale: {x: 1, y: 1, z: 1}
  m_Children: []
  m_Father: {fileID: 457956}
  m_RootOrder: 0
--- !u!4 &474104
Transform:
  m_ObjectHideFlags: 1
  m_PrefabParentObject: {fileID: 0}
  m_PrefabInternal: {fileID: 100100000}
  m_GameObject: {fileID: 119628}
  m_LocalRotation: {x: 0, y: 0, z: 0, w: 1}
  m_LocalPosition: {x: 3.096615e-11, y: 0.24646597, z: 0.12978601}
  m_LocalScale: {x: 1, y: 1, z: 1}
  m_Children: []
  m_Father: {fileID: 425134}
  m_RootOrder: 0
--- !u!4 &474842
Transform:
  m_ObjectHideFlags: 1
  m_PrefabParentObject: {fileID: 0}
  m_PrefabInternal: {fileID: 100100000}
  m_GameObject: {fileID: 124268}
  m_LocalRotation: {x: -1.3877788e-17, y: 4.3368087e-19, z: 6.018531e-36, w: 1}
  m_LocalPosition: {x: 4.6401726e-11, y: 0.14666288, z: 0.000000001678399}
  m_LocalScale: {x: 1, y: 1, z: 1}
  m_Children:
  - {fileID: 409682}
  m_Father: {fileID: 484008}
  m_RootOrder: 0
--- !u!4 &474980
Transform:
  m_ObjectHideFlags: 1
  m_PrefabParentObject: {fileID: 0}
  m_PrefabInternal: {fileID: 100100000}
  m_GameObject: {fileID: 163586}
  m_LocalRotation: {x: 0.0014754795, y: -0.2198015, z: 0.0005418948, w: 0.9755434}
  m_LocalPosition: {x: 0.008636523, y: 0.2994539, z: -0.009319446}
  m_LocalScale: {x: 1, y: 1, z: 1}
  m_Children:
  - {fileID: 438950}
  m_Father: {fileID: 466970}
  m_RootOrder: 0
--- !u!4 &475784
Transform:
  m_ObjectHideFlags: 1
  m_PrefabParentObject: {fileID: 0}
  m_PrefabInternal: {fileID: 100100000}
  m_GameObject: {fileID: 129994}
  m_LocalRotation: {x: 0.009220213, y: 0.12092888, z: 0.100263834, w: 0.9875416}
  m_LocalPosition: {x: 0.0000000012171683, y: 0.26026472, z: 0.000000007026861}
  m_LocalScale: {x: 1, y: 1, z: 1}
  m_Children:
  - {fileID: 426874}
  - {fileID: 431044}
  - {fileID: 462544}
  - {fileID: 403558}
  - {fileID: 426302}
  m_Father: {fileID: 413600}
  m_RootOrder: 0
--- !u!4 &476134
Transform:
  m_ObjectHideFlags: 1
  m_PrefabParentObject: {fileID: 0}
  m_PrefabInternal: {fileID: 100100000}
  m_GameObject: {fileID: 196702}
  m_LocalRotation: {x: 0.01493643, y: -0.05108094, z: -0.022041922, w: 0.99833953}
  m_LocalPosition: {x: -0.009875622, y: -0.051608846, z: -0.00042796892}
  m_LocalScale: {x: 1, y: 1, z: 1}
  m_Children:
  - {fileID: 425414}
  m_Father: {fileID: 421508}
  m_RootOrder: 0
--- !u!4 &478696
Transform:
  m_ObjectHideFlags: 1
  m_PrefabParentObject: {fileID: 0}
  m_PrefabInternal: {fileID: 100100000}
  m_GameObject: {fileID: 188588}
  m_LocalRotation: {x: -0.09026655, y: -0.46466357, z: 0.027945751, w: 0.880431}
  m_LocalPosition: {x: -0.001413923, y: 0.09666782, z: 0.009747302}
  m_LocalScale: {x: 1, y: 1, z: 1}
  m_Children:
  - {fileID: 413600}
  m_Father: {fileID: 442712}
  m_RootOrder: 0
--- !u!4 &480890
Transform:
  m_ObjectHideFlags: 1
  m_PrefabParentObject: {fileID: 0}
  m_PrefabInternal: {fileID: 100100000}
  m_GameObject: {fileID: 139456}
  m_LocalRotation: {x: 0.0015412342, y: -0.00001859518, z: -0.01206423, w: 0.99992603}
  m_LocalPosition: {x: 0.0005006255, y: -0.049654443, z: -0.00015298605}
  m_LocalScale: {x: 1, y: 1, z: 1}
  m_Children: []
  m_Father: {fileID: 471010}
  m_RootOrder: 0
--- !u!4 &480892
Transform:
  m_ObjectHideFlags: 1
  m_PrefabParentObject: {fileID: 0}
  m_PrefabInternal: {fileID: 100100000}
  m_GameObject: {fileID: 133996}
  m_LocalRotation: {x: 0.019179177, y: -0.019081084, z: -0.002135047, w: 0.9996317}
  m_LocalPosition: {x: -0.000025904465, y: -0.06773741, z: -0.0012327947}
  m_LocalScale: {x: 1, y: 1, z: 1}
  m_Children:
  - {fileID: 428924}
  m_Father: {fileID: 486792}
  m_RootOrder: 0
--- !u!4 &484008
Transform:
  m_ObjectHideFlags: 1
  m_PrefabParentObject: {fileID: 0}
  m_PrefabInternal: {fileID: 100100000}
  m_GameObject: {fileID: 169542}
  m_LocalRotation: {x: -0.11580296, y: 0.0013216569, z: -0.011335444, w: 0.9932067}
  m_LocalPosition: {x: 0.0027921374, y: 0.122307085, z: -0.028921392}
  m_LocalScale: {x: 1, y: 1, z: 1}
  m_Children:
  - {fileID: 474842}
  m_Father: {fileID: 425362}
  m_RootOrder: 2
--- !u!4 &484130
Transform:
  m_ObjectHideFlags: 1
  m_PrefabParentObject: {fileID: 0}
  m_PrefabInternal: {fileID: 100100000}
  m_GameObject: {fileID: 163114}
  m_LocalRotation: {x: 0.13718227, y: 0.15859516, z: 0.97735375, w: -0.028429063}
  m_LocalPosition: {x: 0.1556952, y: -0.06655088, z: 0.0067863106}
  m_LocalScale: {x: 1, y: 1, z: 1}
  m_Children:
  - {fileID: 404824}
  m_Father: {fileID: 425362}
  m_RootOrder: 1
--- !u!4 &486792
Transform:
  m_ObjectHideFlags: 1
  m_PrefabParentObject: {fileID: 0}
  m_PrefabInternal: {fileID: 100100000}
  m_GameObject: {fileID: 102170}
  m_LocalRotation: {x: -0.0012301632, y: -0.0007390501, z: -0.0034229534, w: 0.99999315}
  m_LocalPosition: {x: -0.0005168975, y: -0.07175414, z: -0.0011304733}
  m_LocalScale: {x: 1, y: 1, z: 1}
  m_Children:
  - {fileID: 480892}
  m_Father: {fileID: 471014}
  m_RootOrder: 0
--- !u!4 &486984
Transform:
  m_ObjectHideFlags: 1
  m_PrefabParentObject: {fileID: 0}
  m_PrefabInternal: {fileID: 100100000}
  m_GameObject: {fileID: 154374}
  m_LocalRotation: {x: -0.0015832909, y: 0.01543033, z: -0.008753215, w: 0.9998414}
  m_LocalPosition: {x: -0.009019525, y: -0.057057988, z: 0.001747016}
  m_LocalScale: {x: 1, y: 1, z: 1}
  m_Children:
  - {fileID: 419322}
  m_Father: {fileID: 467302}
  m_RootOrder: 0
--- !u!4 &490264
Transform:
  m_ObjectHideFlags: 1
  m_PrefabParentObject: {fileID: 0}
  m_PrefabInternal: {fileID: 100100000}
  m_GameObject: {fileID: 121686}
  m_LocalRotation: {x: -0.009332489, y: -0.0059232535, z: 0.010401231, w: 0.99988484}
  m_LocalPosition: {x: 0.0009502503, y: -0.06425131, z: 0.0010437833}
  m_LocalScale: {x: 1, y: 1, z: 1}
  m_Children:
  - {fileID: 433170}
  m_Father: {fileID: 426874}
  m_RootOrder: 0
--- !u!4 &496302
Transform:
  m_ObjectHideFlags: 1
  m_PrefabParentObject: {fileID: 0}
  m_PrefabInternal: {fileID: 100100000}
  m_GameObject: {fileID: 199268}
  m_LocalRotation: {x: 0.3399854, y: 0.057570416, z: -0.020857163, w: 0.93843514}
  m_LocalPosition: {x: 2.2716673e-10, y: 0.26112682, z: 0.0000000048218713}
  m_LocalScale: {x: 1, y: 1, z: 1}
  m_Children:
  - {fileID: 496318}
  m_Father: {fileID: 411052}
  m_RootOrder: 0
--- !u!4 &496318
Transform:
  m_ObjectHideFlags: 1
  m_PrefabParentObject: {fileID: 0}
  m_PrefabInternal: {fileID: 100100000}
  m_GameObject: {fileID: 185346}
  m_LocalRotation: {x: 0, y: 0, z: 0, w: 1}
  m_LocalPosition: {x: 0.0000000011983207, y: 0.11669008, z: 2.56444e-10}
  m_LocalScale: {x: 1, y: 1, z: 1}
  m_Children: []
  m_Father: {fileID: 496302}
  m_RootOrder: 0
--- !u!23 &2352860
MeshRenderer:
  m_ObjectHideFlags: 1
  m_PrefabParentObject: {fileID: 0}
  m_PrefabInternal: {fileID: 100100000}
  m_GameObject: {fileID: 155134}
  m_Enabled: 0
  m_CastShadows: 1
  m_ReceiveShadows: 1
  m_Materials:
  - {fileID: 10303, guid: 0000000000000000f000000000000000, type: 0}
  m_SubsetIndices: 
  m_StaticBatchRoot: {fileID: 0}
  m_UseLightProbes: 1
  m_ReflectionProbeUsage: 1
  m_ProbeAnchor: {fileID: 0}
  m_ScaleInLightmap: 1
  m_PreserveUVs: 1
  m_IgnoreNormalsForChartDetection: 0
  m_ImportantGI: 0
  m_MinimumChartSize: 4
  m_AutoUVMaxDistance: 0.5
  m_AutoUVMaxAngle: 89
  m_LightmapParameters: {fileID: 0}
  m_SortingLayerID: 0
  m_SortingOrder: 0
--- !u!33 &3376056
MeshFilter:
  m_ObjectHideFlags: 1
  m_PrefabParentObject: {fileID: 0}
  m_PrefabInternal: {fileID: 100100000}
  m_GameObject: {fileID: 155134}
  m_Mesh: {fileID: 10207, guid: 0000000000000000e000000000000000, type: 0}
--- !u!54 &5468956
Rigidbody:
  m_ObjectHideFlags: 1
  m_PrefabParentObject: {fileID: 0}
  m_PrefabInternal: {fileID: 100100000}
  m_GameObject: {fileID: 111190}
  serializedVersion: 2
  m_Mass: 0.0000001
  m_Drag: Infinity
  m_AngularDrag: Infinity
  m_UseGravity: 1
  m_IsKinematic: 0
  m_Interpolate: 0
  m_Constraints: 116
  m_CollisionDetection: 0
--- !u!65 &6500812
BoxCollider:
  m_ObjectHideFlags: 1
  m_PrefabParentObject: {fileID: 0}
  m_PrefabInternal: {fileID: 100100000}
  m_GameObject: {fileID: 111190}
  m_Material: {fileID: 0}
  m_IsTrigger: 0
  m_Enabled: 1
  serializedVersion: 2
  m_Size: {x: 3, y: 3, z: 3}
  m_Center: {x: -0.04343313, y: 1.0762708, z: 0}
--- !u!95 &9526142
Animator:
  serializedVersion: 3
  m_ObjectHideFlags: 1
  m_PrefabParentObject: {fileID: 0}
  m_PrefabInternal: {fileID: 100100000}
  m_GameObject: {fileID: 111190}
  m_Enabled: 1
  m_Avatar: {fileID: 9000000, guid: 97cb2ac889c30403d9c392743e7db245, type: 3}
  m_Controller: {fileID: 9100000, guid: 2d35e7dec7bae4393a5d5315f403368f, type: 2}
  m_CullingMode: 1
  m_UpdateMode: 0
  m_ApplyRootMotion: 0
  m_LinearVelocityBlending: 0
  m_WarningMessage: 
  m_HasTransformHierarchy: 1
  m_AllowConstantClipSamplingOptimization: 1
--- !u!114 &11400584
MonoBehaviour:
  m_ObjectHideFlags: 1
  m_PrefabParentObject: {fileID: 0}
  m_PrefabInternal: {fileID: 100100000}
  m_GameObject: {fileID: 111190}
  m_Enabled: 1
  m_EditorHideFlags: 0
  m_Script: {fileID: 11500000, guid: d9f8cef59171f3145b9984389fbab576, type: 3}
  m_Name: 
  m_EditorClassIdentifier: 
  speed: 5
  defaultSpeed: 5
  rotationSpeed: 10
  playerInRange: 0
  attacking: 0
  isBoss: 1
  isRanged: 1
  attackDist: 5
  attackRate: 2
  attackCoolDown: 0
  damage: 35
  summonRate: 8
  summonCoolDown: 0
  slim: {fileID: 125790, guid: feecb4f02e22e48dfa44fd7caf376c1b, type: 2}
  projectile: {fileID: 120840, guid: 806107b01aab24a3599055e5745f40dc, type: 2}
  maxSpawns: 3
  staggerCoolDown: 0
  staggerTime: 0.25
  staggeredSpeed: 2
--- !u!114 &11431602
MonoBehaviour:
  m_ObjectHideFlags: 1
  m_PrefabParentObject: {fileID: 0}
  m_PrefabInternal: {fileID: 100100000}
  m_GameObject: {fileID: 111190}
  m_Enabled: 1
  m_EditorHideFlags: 0
  m_Script: {fileID: 11500000, guid: bc99e2b7d0da0433a947f300cd206807, type: 3}
  m_Name: 
  m_EditorClassIdentifier: 
  startingHealth: 500
  currentHealth: 0
  sinkSpeed: 2.5
  scoreValue: 10
  deathClip: {fileID: 0}
  key: {fileID: 163572, guid: 116e01f54fc774757aecaf52e97adef4, type: 2}
  particleOffset: 2
  deathParticles: {fileID: 121214, guid: 86af4a5d2dbc24605ab42f357268f937, type: 2}
--- !u!114 &11459274
MonoBehaviour:
  m_ObjectHideFlags: 1
  m_PrefabParentObject: {fileID: 0}
  m_PrefabInternal: {fileID: 100100000}
  m_GameObject: {fileID: 155134}
  m_Enabled: 1
  m_EditorHideFlags: 0
  m_Script: {fileID: 11500000, guid: da7c95e14db9b42d1bfe3370703cc446, type: 3}
  m_Name: 
  m_EditorClassIdentifier: 
--- !u!135 &13539306
SphereCollider:
  m_ObjectHideFlags: 1
  m_PrefabParentObject: {fileID: 0}
  m_PrefabInternal: {fileID: 100100000}
  m_GameObject: {fileID: 155134}
  m_Material: {fileID: 0}
  m_IsTrigger: 1
  m_Enabled: 1
  serializedVersion: 2
  m_Radius: 0.37919217
  m_Center: {x: 0, y: 0, z: 0}
--- !u!137 &13749870
SkinnedMeshRenderer:
  m_ObjectHideFlags: 1
  m_PrefabParentObject: {fileID: 0}
  m_PrefabInternal: {fileID: 100100000}
  m_GameObject: {fileID: 103132}
  m_Enabled: 1
  m_CastShadows: 1
  m_ReceiveShadows: 1
  m_Materials:
  - {fileID: 2100000, guid: eb24db453d7bd489bbd9d574770f5965, type: 2}
  m_SubsetIndices: 
  m_StaticBatchRoot: {fileID: 0}
  m_UseLightProbes: 1
  m_ReflectionProbeUsage: 1
  m_ProbeAnchor: {fileID: 0}
  m_ScaleInLightmap: 1
  m_PreserveUVs: 0
  m_IgnoreNormalsForChartDetection: 0
  m_ImportantGI: 0
  m_MinimumChartSize: 4
  m_AutoUVMaxDistance: 0.5
  m_AutoUVMaxAngle: 89
  m_LightmapParameters: {fileID: 0}
  m_SortingLayerID: 0
  m_SortingOrder: 0
  serializedVersion: 2
  m_Quality: 0
  m_UpdateWhenOffscreen: 0
  m_Mesh: {fileID: 4300000, guid: 97cb2ac889c30403d9c392743e7db245, type: 3}
  m_Bones:
  - {fileID: 436998}
  - {fileID: 422584}
  - {fileID: 417898}
  - {fileID: 404824}
  - {fileID: 484130}
  - {fileID: 496318}
  - {fileID: 496302}
  - {fileID: 411052}
  - {fileID: 408092}
  - {fileID: 427492}
  - {fileID: 411100}
  - {fileID: 425414}
  - {fileID: 476134}
  - {fileID: 421508}
  - {fileID: 419322}
  - {fileID: 486984}
  - {fileID: 467302}
  - {fileID: 464820}
  - {fileID: 428924}
  - {fileID: 480892}
  - {fileID: 486792}
  - {fileID: 471014}
  - {fileID: 452724}
  - {fileID: 468652}
  - {fileID: 433496}
  - {fileID: 416334}
  - {fileID: 403118}
  - {fileID: 401966}
  - {fileID: 459860}
  - {fileID: 445610}
  - {fileID: 438950}
  - {fileID: 474980}
  - {fileID: 466970}
  - {fileID: 412676}
  - {fileID: 453042}
  - {fileID: 424422}
  - {fileID: 428552}
  - {fileID: 462544}
  - {fileID: 480890}
  - {fileID: 471010}
  - {fileID: 458308}
  - {fileID: 403558}
  - {fileID: 472772}
  - {fileID: 457956}
  - {fileID: 413084}
  - {fileID: 431044}
  - {fileID: 467086}
  - {fileID: 433170}
  - {fileID: 490264}
  - {fileID: 426874}
  - {fileID: 451546}
  - {fileID: 412674}
  - {fileID: 445032}
  - {fileID: 426302}
  - {fileID: 475784}
  - {fileID: 413600}
  - {fileID: 478696}
  - {fileID: 442712}
  - {fileID: 474104}
  - {fileID: 425134}
  - {fileID: 471458}
  - {fileID: 409682}
  - {fileID: 474842}
  - {fileID: 484008}
  - {fileID: 425362}
  m_BlendShapeWeights: []
  m_RootBone: {fileID: 425362}
  m_AABB:
    m_Center: {x: 0.000679791, y: -0.053996325, z: -0.014276907}
    m_Extent: {x: 1.2647264, y: 1.1312568, z: 0.48204303}
  m_DirtyAABB: 0
--- !u!137 &13783014
SkinnedMeshRenderer:
  m_ObjectHideFlags: 1
  m_PrefabParentObject: {fileID: 0}
  m_PrefabInternal: {fileID: 100100000}
  m_GameObject: {fileID: 174060}
  m_Enabled: 1
  m_CastShadows: 1
  m_ReceiveShadows: 1
  m_Materials:
  - {fileID: 2100000, guid: eb24db453d7bd489bbd9d574770f5965, type: 2}
  m_SubsetIndices: 
  m_StaticBatchRoot: {fileID: 0}
  m_UseLightProbes: 1
  m_ReflectionProbeUsage: 1
  m_ProbeAnchor: {fileID: 0}
  m_ScaleInLightmap: 1
  m_PreserveUVs: 0
  m_IgnoreNormalsForChartDetection: 0
  m_ImportantGI: 0
  m_MinimumChartSize: 4
  m_AutoUVMaxDistance: 0.5
  m_AutoUVMaxAngle: 89
  m_LightmapParameters: {fileID: 0}
  m_SortingLayerID: 0
  m_SortingOrder: 0
  serializedVersion: 2
  m_Quality: 0
  m_UpdateWhenOffscreen: 0
  m_Mesh: {fileID: 4300002, guid: 97cb2ac889c30403d9c392743e7db245, type: 3}
  m_Bones:
  - {fileID: 474104}
  - {fileID: 425134}
  - {fileID: 471458}
  - {fileID: 409682}
  m_BlendShapeWeights: []
  m_RootBone: {fileID: 409682}
  m_AABB:
    m_Center: {x: -0.016303912, y: 0.24959044, z: 0.36054567}
    m_Extent: {x: 0.111377195, y: 0.0425999, z: 0.029710263}
  m_DirtyAABB: 0
--- !u!1001 &100100000
Prefab:
  m_ObjectHideFlags: 1
  serializedVersion: 2
  m_Modification:
    m_TransformParent: {fileID: 0}
    m_Modifications: []
    m_RemovedComponents: []
  m_ParentPrefab: {fileID: 0}
  m_RootGameObject: {fileID: 111190}
  m_IsPrefabParent: 1
